2872 4810
781 469 873 555 (m)

339 607 402 674 que
421 601 507 674 parte
528 587 620 650 habet
638 605 692 652 sua
715 582 879 668 spiracula.
900 581 1005 646 Cauda
1033 599 1082 650 est
1100 582 1307 666 acuminosa,

286 713 315 766 γ
339 693 392 754 vel
420 688 556 762 barbata,
577 687 629 750 vel
655 685 772 748 duabus
797 681 872 746 setis
906 681 1063 745 instructa.
1089 681 1176 744 Dum
1193 683 1309 748 ‘Latvae

281 783 321 828 ··’
337 807 429 852 enam
450 803 558 850 curem
578 784 763 868 deponunt,
783 779 872 864 Pupae
891 779 1029 851 viridem
1047 778 1198 844 exhibent
1218 786 1308 844 colo-

337 905 434 959 rem,
456 881 632 946 etsensim
665 877 851 954 albescunt,
886 877 986 940 aureis
1013 878 1147 940 maculis
1174 894 1306 952 oruata,

335 981 480 1054 virides,
502 977 707 1048 subceruleae,
729 975 947 1051 rubro-fuscae,
970 977 1240 1050 castaneo-fusca,
1256 991 1309 1037 aut

299 1098 301 1104 ¹
335 1070 456 1157 nigrae,
479 1071 670 1158 splendidae,
699 1086 750 1134 aut
777 1069 963 1136 rubicunde.
1002 1069 1124 1132 Dantur
1152 1071 1308 1135 nonnulle

297 1203 304 1212 «
337 1173 459 1247 cortice
480 1169 615 1244 vestitae,
636 1168 663 1232 si
684 1185 789 1232 tamen
810 1167 922 1249 leviter
943 1167 1038 1230 etiarn
1059 1185 1235 1249 tanguntur,
1255 1169 1308 1230 vel

337 1269 557 1345 insufflantur,
576 1283 627 1330 aur
646 1267 680 1330 in
701 1265 844 1330 manibus
866 1266 1026 1341 calefiunt,
1054 1267 1105 1328 vel
1136 1265 1309 1331 violentius

335 1385 552 1453 reponuntur,
572 1365 624 1428 vel
639 1364 676 1426 ab
689 1363 832 1428 inimicis
846 1362 975 1425 insectis
1000 1379 1168 1437 vexantur,
1191 1381 1305 1448 corpus

335 1481 479 1535 movent.
500 1467 539 1530 Et
559 1483 599 1526 ex
621 1465 682 1525 hoc
704 1463 775 1545 ipso
794 1461 890 1525 unico
912 1478 1002 1522 motu
1021 1477 1072 1525 eas
1094 1460 1214 1538 vivere,
1238 1480 1305 1526 eas·

334 1585 397 1651 que
419 1582 487 1628 esse
508 1581 593 1627 sanas
614 1579 655 1624 ex
677 1558 867 1640 frigiditate,
890 1575 1061 1638 earumque
1089 1557 1236 1638 gravitate
1257 1558 1305 1622 di-

332 1660 509 1743 gnosc‘itut.
530 1658 618 1742 Pupaa
630 1657 687 1720 sub
700 1665 789 1722 'terra
815 1671 939 1734 agentes
967 1653 1074 1736 detegi
1104 1674 1254 1737 possunt,
1277 1657 1306 1720 si

335 1760 451 1822 liumus
473 1754 558 1818 circa
577 1753 700 1818 arbores
722 1773 784 1816 uno
806 1753 934 1816 circiter
954 1752 1061 1836 pdmo
1084 1751 1117 1814 in
1133 1752 1304 1816 circumfe-

333 1854 458 1928 rentia,
479 1853 530 1916 vel
552 1851 587 1914 in
608 1851 816 1935 profunditate
836 1851 976 1916 aculeato
997 1851 1106 1925 ferro,
1128 1849 1179 1911 vel
1215 1850 1304 1931 ligno

332 1948 580 2026 effodiatur,'ea
599 1967 705 2014 tamen
727 1951 862 2024 cautela,
884 1967 924 2012 ne
944 1945 1035 2030 Pupae
1064 1948 1163 2010 adhuc
1190 1965 1304 2016 teneret

332 2049 488 2113 laudantur.
503 2047 602 2112 Domi
616 2049 776 2112 incudem
794 2066 987 2114 asserventur
1000 2048 1080 2122 situ,
1097 2069 1158 2130 quo
1174 2049 1303 2110 fuerunt

198 2149 199 2156 ’
242 2185 246 2190 -
332 2165 487 2232 ςερετῑω;
507 2165 636 2230 semper
656 2146 953 2230 magis'profrcuuur
976 2165 1038 2220 est,
1060 2146 1087 2210 si
1108 2147 1143 2208 in
1162 2146 1301 2220 suatela,

332 2260 366 2309 et
391 2245 535 2308 folliculo
564 2243 798 2326 relinquantur;
827 2244 984 2308 curiosior
1012 2245 1107 2316 etiarn
1143 2243 1300 2328 inspectio

331 2361 397 2404 non
421 2360 488 2421 raro
509 2357 616 2401 earum
638 2355 775 2402 mortem
793 2339 997 2416 acceleravit,
1013 2360 1083 2404 aere
1095 2341 1204 2416 etiarn,
1219 2341 1297 2412 sole,
1312 2376 1315 2381 -

296 2480 298 2484 -
330 2439 462 2524 pulvere
485 2437 519 2498 in
541 2455 648 2500 earum
676 2455 820 2500 antennas
849 2437 994 2506 immisso
1019 2435 1242 2524 perimuntu13
1271 2435 1299 2500 si

329 2552 438 2602 tamen
458 2535 562 2618 plures
583 2533 726 2608 ejusdcm
748 2533 870 2616 speciei
899 2535 1008 2614 adsunt
1034 2557 1096 2608 suu
1125 2531 1299 2598 curiositati

329 2630 401 2715 quis
421 2631 584 2713 indulgere
607 2631 731 2714 poterit.
759 2632 875 2695 Arcula
896 2632 1022 2714 lignea,
1052 2634 1085 2696 iu
1117 2651 1175 2714 qua
1200 2647 1296 2692 asscr-

326 2726 562 2792 vantur-vitreo
582 2727 732 2812 operculo
754 2727 851 2812 probe
874 2727 1047 2808 claudatur,
1063 2729 1191 2811 ejusque
1206 2729 1298 2790 latera

327 2823 394 2888 sint
413 2825 532 2906 glabra,
554 2842 589 2888 ut
614 2843 817 2910 prorepentes
840 2826 1020 2911 Papilio'nes
1047 2828 1140 2889 facilc
1174 2843 1297 2888 sursum

326 2935 451 3004 reptare
469 2922 734 3007 valeant.Pupas‚
755 2943 826 3004 quas
851 2923 1017 3000 invenisti,
1040 2922 1151 3006 parieti
1172 2917 1298 3000 affigas,
1383 2999 1386 3006 .

325 3017 447 3084 effossa
472 3035 576 3080 autern
600 3018 687 3102 Pupae
708 3020 795 3082 nudas
828 3019 862 3080 in
897 3019 994 3082 fundo
1031 3037 1111 3084 tersa
1145 3033 1296 3100 cooperto

324 3115 544 3186 collocentur,
581 3131 661 3176 terra
686 3131 791 3177 autem
817 3116 933 3190 altero,
963 3116 1014 3179 vel
1041 3113 1212 3178 renioeie
1230 3131 1297 3174 non

230 3288 239 3296 .
285 3208 289 3214 ’
324 3209 409 3273 nihil
430 3209 647 3280 humectetur,
669 3211 910 3296 quanrvisforte
925 3231 1001 3294 aqua
1014 3229 1181 3296 parumper
1194 3209 1295 3292 ipsam

291 3367 294 3372 .
326 3307 447 3390 Pupam
474 3303 640 3382 contingat.
662 3303 764 3372 Larvae
783 3307 834 3370 vel
855 3309 937 3372 male
973 3307 1112 3383 nutrirat,
1147 3305 1199 3368 vel
1221 3303 1296 3370 laesa

323 3403 445 3481 Pupam
464 3399 630 3474 viriosas,
650 3418 701 3466 aur
722 3403 1106 3488 ntdlarn'progernrinant.
1129 3402 1165 3466 Si
1181 3421 1295 3487 corpo-

292 3548 294 3552 .
325 3501 373 3562 ris
395 3513 557 3578 segmenta
576 3497 718 3562 invicem
739 3520 952 3578 concurrunt,
974 3521 1006 3566 et
1032 3503 1206 3582 subrogosae
1223 3518 1295 3564 eva·

324 3596 428 3668 rlunr,
450 3611 500 3657 aut
519 3595 703 3672 flavescunt,
714 3603 774 3661 ‘aut
792 3598 928 3668 flaccidae
940 3601 1027 3676 fiunt,
1042 3595 1198 3662 ordinario
1212 3597 1292 3680 Pupa

326 3692 432 3775 ,perit;
455 3690 635 3772 quandoque
657 3691 752 3754 eriam
772 3693 984 3778 nonl’apilio,
999 3696 1043 3758 uti
1058 3695 1215 3770 diximus,
1236 3692 1292 3758 sed

319 3787 550 3862 dchneuntoo,
570 3804 621 3852 aut
640 3788 700 3854 alia
713 3788 840 3860 insecta
867 3807 1083 3884 prorumpunt.
1111 3790 1142 3874 Si
1167 3788 1294 3884 Papilio
1315 3862 1317 3866 ,
