2872 4810
742 507 841 610 Μ’·

297 667 393 739 quarn
426 643 567 738 tegulam
586 639 783 733 prescripsi:
807 657 843 708 ut
866 661 941 707 vero
966 641 1122 720 eleibris
1156 663 1249 713 ento·

193 765 196 780 '
296 757 463 852 mologicis
493 755 671 846 prasertim
704 754 744 822 iis
768 801 781 832 ,
813 753 867 844 qui
894 751 1014 848 figuris
1051 755 1106 822 aeri
1139 755 1249 826 incisis

291 890 434 948 extant,
456 865 588 936 noninisi
612 865 862 956 praeclariores,
886 867 1085 960 omniumque
1120 871 1250 938 omnino

292 980 518 1048 exactissimos
543 977 730 1072 allegarem,
743 973 927 1070 Papiliones
946 997 1032 1045 meos
1051 1001 1122 1046 cunr
1134 981 1251 1062 uariis,

292 1113 373 1182 quos
410 1085 454 1157 ad
485 1071 598 1156 mances
634 1085 767 1166 liabeo,
803 1088 999 1158 naturalium
1034 1111 1252 1158 scrutatorum

292 1199 436 1293 operibus
461 1200 608 1282 contuli,
630 1220 697 1266 tarn
720 1199 816 1266 etiam
847 1222 916 1268 cum
940 1199 1031 1280 illis,
1054 1201 1109 1291 qui
1131 1202 1165 1268 in
1189 1200 1253 1271 Bi·

292 1307 451 1377 lliotlieco
482 1307 598 1404 Regia
627 1307 819 1376 Taurinensi
847 1306 1041 1378 Academica
1071 1316 1255 1379 seruantur.

292 1420 396 1491 Porro
434 1420 587 1513 alimenta
608 1421 720 1513 quibus
744 1441 881 1489 utuntur
902 1423 1000 1491 laruae
1023 1421 1175 1491 hactenus
1198 1419 1253 1488 de-

292 1555 402 1614 tecta,
426 1555 548 1600 necnon
572 1554 716 1638 tempus,
740 1554 802 1622 quo
827 1531 1073 1641 metamorphosi
1092 1528 1255 1628 gaudent,

295 1647 493 1736 reperiuntur
515 1645 550 1711 in
574 1629 671 1734 hujus
695 1642 793 1710 libelli
815 1667 878 1710 mer
872 1635 943 1712 ad
963 1634 1078 1712 calcem
1102 1643 1254 1736 subjectis

293 1755 599 1838 annotationibu53
638 1752 826 1852 deniqucl
824 1777 947 1836 ocum,
983 1756 1036 1824 ubi
1070 1753 1264 1848 Papiliones.
1362 1751 1366 1757 ’
1419 1765 1422 1774 “

294 1865 397 1938 sedem
422 1868 526 1961 figere
537 1917 549 1948 ,
576 1889 607 1936 et
633 1890 779 1959 tempus,
803 1887 865 1958 quo
900 1868 962 1937 alis
995 1893 1030 1937 se
1050 1865 1086 1937 'se
1109 1870 1255 1936 attollere

294 1983 430 2061 solent,
454 2003 547 2048 ame
570 1976 788 2046 indicatum
776 1979 941 2058 inuenies,
962 1980 1073 2072 quibus
1109 1981 1253 2049 omnibus

294 2095 407 2188 singul
414 2117 505 2163 arum
521 2088 722 2184 familiarum
745 2089 983 2184 descriptionem
1008 2117 1049 2160 ex
1074 2095 1262 2187 Systerrrore

297 2179 509 2276 Viennensi
497 2230 531 2272 ιιι
541 2205 693 2272 Latmum
716 2225 806 2272 trans
808 2203 876 2270 lato
901 2198 1020 2282 addidi,
1043 2203 1162 2295 hacque
1185 2229 1254 2273 men

297 2319 431 2386 solertia
453 2317 547 2395 illis,
571 2314 682 2406 quibus
705 2311 813 2404 Pupil
802 2336 889 2383 iones
913 2316 1023 2383 venari
1046 2317 1162 2406 volupe
1186 2335 1256 2398 est,

300 2452 364 2496 rem
386 2447 514 2520 gratam
537 2419 656 2516 secisse
678 2422 814 2515 confido.

346 2533 413 2606 His
437 2533 675 2605 animaduersis
686 2584 699 2616 ,
727 2535 872 2602 benevole
893 2537 1029 2618 Lector,
1053 2541 1166 2628 opella.
1182 2564 1258 2608 mea
1296 2619 1302 2622 ,

298 2672 454 2741 scopum,
490 2669 585 2741 atque
617 2669 837 2742 argumentum
860 2651 1100 2744 *praecognitum
1134 2651 1256 2722 habes:

252 2824 255 2830 .
298 2784 365 2835 non
388 2757 524 2856 equidem
548 2759 709 2831 industria
733 2781 791 2828 aut
822 2759 925 2828 labori
943 2765 1093 2856 peperci,
1128 2783 1165 2832 ut
1188 2767 1252 2833 oli·

300 2881 394 2968 quarn
418 2874 476 2941 tibi
499 2873 670 2942 utilitatem
695 2869 851 2962 adferam3
879 2869 954 2941 Tua
977 2875 1188 2984 humanitatis
1207 2897 1257 2946 est

301 2987 555 3066 condonare,
525 3012 555 3056 st
580 2980 818 3077 quidcxciderit
832 2954 1012 3075 fortasse
1002 2992 1107 3056 minus
1131 3011 1276 3080 aptum,-

300 3103 444 3194 quuml
430 3099 607 3166 lucubratio
632 3096 696 3164 hac
720 3120 788 3163 mea
811 3118 928 3164 merum
954 3119 1114 3168 cantamen
1138 3121 1208 3181 su,
1226 3119 1258 3170 et

300 3208 427 3280 aliunde
457 3211 643 3302 multiplices
677 3210 820 3288 militia,
844 3235 939 3302 quarn
968 3209 1126 3302 profiteor
1159 3237 1255 3280 exera

284 3321 471 3392 ,citationes
507 3323 646 3389 animum
669 3319 709 3387 ab
733 3316 863 3388 assiduo
887 3317 1039 3414 ejusmodi
1062 3319 1169 3391 studio
1185 3317 1256 3412 fere

302 3432 441 3528 quotidie
466 3454 612 3502 avocent.
637 3433 672 3498 Si
694 3429 865 3525 quid'uero
896 3429 992 3501 solidi
1026 3435 1060 3502 in
1092 3435 1152 3503 lroc
1175 3457 1257 3526 opu·

301 3548 392 3625 ssulo
416 3547 561 3636 reperies,
584 3542 710 3612 labores
734 3542 890 3614 meosltoc
905 3539 1020 3635 fructu
1032 3543 1153 3614 danda
1169 3567 1258 3612 conz-

300 3659 456 3750 peniatos
481 3656 701 3738 existimabo,
736 3677 767 3724 et
798 3653 957 3726 locabor,
978 3659 1082 3748 Vale,
1118 3679 1149 3726 et
1177 3652 1258 3748 sane

307 3775 385 3837 'eneis
408 3769 584 3838 conatibus.

353 3879 439 3953 Dat.
463 3879 554 3976 Aug.
580 3877 678 3952 Your.
701 3879 786 3953 Kal.
812 3880 904 3978 Aug.
926 3877 1165 3953 MDCCXCII
1241 3895 1243 3902 '
