2872 4810
604 460 688 547 (itt)
785 527 787 532 ,

162 595 204 645 ert
216 569 437 642 moriturient'e
450 577 544 640 Larva
559 577 752 663 erumpunt,
768 594 886 660 suaque
900 579 1139 664 meumorphm

161 681 204 746 sis
226 677 409 740 folliculum
430 675 638 739 circumcirca
655 677 730 740 lanae
747 674 915 740 obducunt.
941 677 1035 742 Latva
1056 679 1134 756 soli·

162 779 261 853 tatia,
283 798 338 842 seu
359 797 423 860 quae
444 777 508 840 sola
527 775 595 838 sine
624 774 721 839 sociis
748 771 930 858 reperitur,
952 775 1005 838 ubi
1027 793 1134 842 tamen

162 893 273 941 ceterae
293 893 404 939 ornnes
426 873 571 948 ejusdcm
595 869 716 955 speciei
744 869 872 944 jamjam
897 873 1134 956 metamorpho-

161 955 224 1036 sim
246 973 437 1057 completam
459 970 610 1046 habuere,
626 967 795 1054 praesertim
815 967 842 1032 si
866 987 973 1034 earum
994 970 1131 1054 quadarn

159 1067 345 1152 irrefflrlarcs
366 1068 501 1132 maculas
516 1067 549 1129 in
563 1068 654 1131 dorso
668 1067 792 1138 habent,
815 1082 862 1129 est
874 1067 962 1130 valde
977 1085 1130 1154 suspecta.

159 1167 323 1242 Eiusmodi
350 1168 452 1230 Larvoe
473 1164 675 1248 potissimum
697 1167 787 1229 altius
802 1185 911 1232 versus
926 1171 1027 1234 solem
1057 1189 1131 1252 pro·

159 1283 305 1349 reptant,
333 1282 371 1326 eo
393 1263 475 1346 quod
497 1279 603 1324 carum
619 1261 730 1326 incolae
756 1263 793 1326 ad
816 1267 1009 1347 completam
1031 1287 1134 1332 meta·

155 1359 358 1446 morphosim
373 1359 405 1422 in
421 1375 507 1422 novo
521 1375 578 1420 suo
594 1355 718 1418 cortice
730 1357 833 1421 calore
848 1359 1135 1446 indigeantQuan-

160 1462 264 1543 doque
285 1457 380 1522 etiam
408 1475 449 1520 ex
475 1454 569 1518 Larva
590 1452 731 1537 prorepit
764 1456 918 1537 oblongus
938 1458 991 1520 lilo
1013 1459 1131 1528 similis

162 1555 305 1630 vermis,
327 1555 379 1638 qui
401 1572 529 1618 vocatur
556 1551 702 1616 Gordius:
723 1551 779 1614 vir
800 1571 864 1616 non
886 1573 1014 1636 semper
1034 1558 1136 1621 Larva'

120 1709 124 1717 .
162 1650 301 1718 foemella
328 1653 427 1728 major
455 1667 502 1716 est
534 1667 641 1714 marc:
675 1647 758 1710 aliud
786 1667 866 1714 vern
894 1650 1044 1732 signum,
1067 1673 1129 1738 quo

158 1751 318 1835 utriusque
345 1772 439 1817 sexus
471 1750 634 1815 diversitas
663 1746 885 1829 dignoscatur,
913 1747 969 1812 vix
996 1750 1131 1816 indicati

158 1865 270 1932 potest.
299 1849 331 1914 Si
361 1850 393 1912 in
428 1849 543 1912 eodem
574 1847 645 1910 loco
681 1845 808 1910 nonnisi
844 1847 910 1912 duae
936 1849 1130 1930 reperiamur

157 1945 282 2019 Larvre,
304 1946 520 2030 subprobabilc
542 1963 589 2010 est
610 1963 704 2007 unam
720 1957 829 2007 earum
851 1963 919 2009 csse
942 1947 1130 2024 soemellam,

158 2043 286 2106 alteram
314 2061 444 2106 marem.
471 2044 540 2108 Nee
561 2061 666 2106 tamen
690 2062 729 2106 ex
766 2044 868 2107 Larvae
885 2045 1130 2128 ¹pulchritudine

158 2139 275 2202 inferre
296 2139 370 2202 licet
397 2140 662 2222 pulchritudinem
697 2141 877 2225 Papilionis.
911 2143 1036 2218 tanc,
1064 2162 1130 2226 quar

157 2254 228 2300 sunt
250 2255 327 2300 sanae
347 2236 467 2320 potiori
490 2255 636 2321 exparte
664 2256 842 2302 aversantur
867 2241 999 2315 solem,
1020 2257 1051 2303 et
1070 2241 1129 2310 ltu.

158 2334 336 2400 miditatem
353 2355 362 2408 ;
383 2334 588 2399 nihilominus
606 2352 789 2400 tamennon
812 2357 879 2400 raro
902 2356 1007 2400 rorem
1030 2336 1063 2400 in
1078 2340 1129 2402 fo·

156 2433 210 2517 liis
235 2451 356 2516 sugunt.
383 2433 432 2496 Ad
458 2434 662 2498 inveniendas
678 2421 801 2499 'Larvas
824 2434 990 2516 requiritur
1017 2433 1128 2497 oculus

112 2565 115 2576 ·
156 2528 303 2611 integer,
322 2547 411 2614 atque
433 2531 641 2604 exercitatum
668 2549 747 2614 saepe
782 2531 869 2595 enlm
899 2547 1067 2614 quarentes
1087 2531 1125 2594 ab

156 2626 404 2700 immobilitate,
434 2644 465 2689 et
492 2629 608 2689 coloris
631 2627 865 2705 similitudine,
896 2645 989 2712 quarn
1024 2625 1128 2693 Larua

155 2722 270 2785 habent
291 2741 365 2784 cum
393 2721 505 2795 soliis,
527 2723 638 2805 quibus
667 2723 826 2796 insident,
859 2743 921 2788 non
950 2737 1018 2788 raro
1039 2723 1127 2788 deci·

157 2820 296 2902 piuntut.
318 2819 350 2884 Si
377 2817 492 2882 incidis
521 2819 554 2881 in
582 2820 697 2902 plantas
718 2818 905 2886 humiliores
933 2819 1132 2904 inspicienda

159 2931 206 2979 est
226 2915 377 2978 foliorum
406 2915 575 2998 praesertim
598 2914 709 2999 pagina
730 2913 885 2992 inferior,
907 2934 996 3000 atque
1024 2915 1131 2982 obser·

160 3012 296 3074 vandum
319 3012 370 3074 ubi
394 3015 492 3076 multa
520 3013 595 3076 solia
615 3029 686 3076 sunt
712 3025 833 3078 corrasa
854 3033 892 3076 an
921 3013 1130 3081 circumcirca

157 3109 192 3174 in
220 3127 299 3172 terra
318 3109 514 3174 inveniantur
540 3111 705 3180 Larvarutn
735 3129 954 3189 excrementa,
978 3129 1009 3176 et
1040 3129 1130 3176 com·

160 3204 296 3287 plicata,
323 3205 454 3290 telisque
486 3205 619 3271 obducta
646 3208 729 3271 lolia
756 3209 957 3294 reperiantur.
992 3209 1129 3293 Reptant

160 3319 283 3384 quoque
304 3303 340 3365 ad
359 3323 502 3380 asseres,
520 3323 550 3368 ct
570 3323 688 3370 muros.
713 3305 744 3370 Si
764 3305 887 3372 altiores
909 3309 1054 3372 arborum
1083 3318 1129 3372 ra-

161 3419 232 3463 mos
266 3401 495 3466 vehementiori
525 3402 647 3482 impetu
675 3421 714 3466 ex
752 3403 927 3487 improviso
960 3404 1128 3480 concutis,

161 3513 273 3560 omnes
296 3499 445 3582 praecipiti
468 3499 554 3582 lapsu
575 3499 736 3564 interram
755 3519 869 3578 ruunt,
891 3503 1003 3568 multat-
1025 3521 1131 3566 tamen

159 3585 240 3654 intra
254 3599 380 3672 gramen
407 3595 596 3680 depereunt,
617 3597 676 3660 nisi
701 3597 785 3682 prius
807 3600 926 3662 laneam
946 3599 1042 3662 telam
1057 3599 1130 3662 sub·

163 3707 214 3754 tus
248 3693 379 3774 expandi
418 3694 540 3760 curasti.
574 3695 716 3772 Larvas,
751 3717 823 3781 quas
858 3697 973 3781 cepisti
1009 3696 1043 3759 in
1083 3697 1133 3758 vi.

158 3787 217 3854 tris
251 3789 361 3857 rariori
387 3792 510 3861 sericeo
538 3813 639 3882 panno
670 3795 804 3862 obtectis
826 3813 977 3870 assertor
999 3811 1132 3863 necesse
