2872 4810
582 465 663 558 oo

139 593 200 652 tuo
220 581 419 668 productioni
446 583 701 667 appropinquat,
721 601 790 650 tum
814 583 968 670 Puparum
996 583 1104 668 aliqua

140 682 380 768 prolundiorem
414 682 558 744 colorem
588 683 761 757 exhibent,
798 681 864 746 alite
901 684 960 746 alas
992 681 1105 746 habent

139 779 229 862 queis
249 779 338 842 color
362 794 541 860 transpsret:
563 778 734 860 potissimo
760 797 864 842 autem
886 797 973 842 sese
995 796 1106 844 erten-

141 878 228 940 dunt.
261 876 402 940 Tandem
428 874 546 957 Papilio
579 893 620 940 ex
647 877 730 961 Pupa
755 893 912 962 proreptat
943 892 1107 960 postquam

139 971 276 1058 quasdam
303 990 411 1036 earum
438 973 562 1054 specics
585 973 780 1050 duodecim,
803 973 854 1036 vel
884 972 1024 1056 pluribus
1037 973 1109 1037 die·

142 1073 217 1146 bus,
239 1069 307 1158 imo
330 1070 397 1135 aliae
417 1089 478 1136 uno
499 1070 550 1133 vcl
580 1071 719 1154 pluribus
744 1069 930 1146 mensibus,
951 1075 1109 1142 nonnullo

140 1173 237 1238 etiam
252 1167 373 1252 integro
396 1185 500 1242 anno,
523 1169 709 1252 etamplius
730 1169 815 1252 quasi
835 1169 869 1230 in
896 1170 1042 1252 sepulcro
1063 1173 1109 1248 ja.

86 1318 89 1326 ,
143 1279 280 1328 currant.
304 1263 338 1326 Si
361 1264 441 1347 Pupa
464 1282 519 1328 sua
541 1264 602 1326 tela
634 1281 682 1328 est
702 1265 865 1337 involuta,
890 1282 965 1326 tunc
989 1266 1108 1350 Papilio

143 1379 185 1425 ex
207 1381 261 1424 ore
282 1351 428 1442 quasdim
457 1360 589 1438 guttulas
617 1358 756 1433 evomit,
782 1356 892 1440 quibus
924 1363 1112 1442 operculum

142 1459 212 1522 telae
232 1454 412 1530 emollitur,
434 1472 509 1520 tuuc
529 1455 609 1531 illud
631 1455 742 1540 capitis
761 1473 852 1520 motu
874 1453 1053 1540 disrumpit,
1067 1461 1115 1522 fa·

143 1553 330 1636 eillimeque
351 1551 473 1634 aperit,
502 1569 628 1624 ettotus
642 1553 784 1618 madidus
805 1552 942 1634 oblongo
964 1572 1112 1648 corpote,

143 1649 261 1732 alisque
291 1646 489 1730 complicatis
511 1650 588 1725 erit,
610 1641 748 1733 moxque
769 1651 904 1725 locunt,
933 1667 967 1714 ut
987 1669 1113 1724 sursum

142 1759 313 1831 prorepere
339 1760 455 1825 queat,
491 1745 620 1828 querit,
652 1763 685 1810 et
711 1746 837 1810 tandem
866 1745 1010 1828 quiescit.
1044 1749 1113 1818 Alsa

143 1840 444 1935 perpendiculariter
464 1841 626 1923 pendent,
652 1843 801 1908 humores
820 1843 855 1906 in
875 1863 983 1908 earum
997 1861 1113 1930 corpus

143 1953 306 2026 penetrare
329 1937 498 2011 videntur,
517 1935 624 2020 ipsum
646 1938 804 2004 insectum
823 1937 933 2002 iterato
961 1959 1051 2004 motu
1070 1945 1116 2006 af.

143 2038 268 2104 iluxum
290 2051 480 2119 promouere
502 2032 634 2096 nititur:
655 2055 716 2117 quo
744 2033 845 2115 tnagis
871 2035 1113 2108 decrescunt,

99 2201 102 2207 ,
145 2153 186 2198 eo
209 2132 356 2212 gracilius
380 2130 414 2194 fit
445 2147 578 2212 corpus,
610 2129 636 2193 si
672 2127 710 2194 ad
743 2129 855 2206 iustam
881 2131 1115 2211 longitudinem

145 2239 218 2298 sunt
243 2247 413 2311 protensae,
451 2244 540 2292 sese
567 2228 651 2290 lente
673 2227 906 2312 compingunt,
934 2246 969 2292 se
996 2248 1030 2292 se
1059 2249 1117 2294 ex·

145 2328 301 2402 tendunt,
323 2343 354 2390 et
373 2323 572 2388 indurescere
599 2323 767 2392 videntur:
788 2325 908 2388 interra
930 2344 1007 2390 veto
1028 2326 1118 2412 Papi·

146 2423 195 2490 lio
214 2424 247 2486 in
267 2423 488 2508 complicanda
507 2441 561 2488 sua
580 2421 686 2503 lingua
700 2419 838 2506 spirali(
858 2425 885 2487 si
906 2441 976 2488 eam
996 2424 1118 2519 habet)

148 2538 346 2605 occupatus,
368 2519 495 2584 tandem
523 2521 583 2588 alas
610 2519 775 2596 extendit,
795 2539 890 2603 seque
918 2542 935 2584 a
956 2523 1117 2606 superfluo

147 2614 258 2689 rubro,
286 2616 338 2677 vel
366 2615 435 2678 albo
457 2615 590 2682 hutnore
619 2631 792 2689 exonerat,
816 2616 915 2680 etsie
939 2636 1027 2682 suam
1047 2617 1119 2680 atti·

61 2792 63 2796 ι
147 2711 195 2794 git
215 2711 456 2794 perfectionem.
485 2713 558 2778 Haec
587 2729 691 2774 autem
719 2712 827 2774 omnia
857 2711 937 2776 intra
964 2713 1037 2776 duas
1058 2731 1117 2798 po,

146 2811 310 2880 tissimum
333 2809 423 2875 horas
452 2807 665 2891 perficiuntur.
694 2804 727 2870 Si
755 2814 833 2872 vcro
866 2807 900 2870 in
927 2828 982 2872 sua
1009 2827 1119 2891 opera·

148 2910 240 2976 tione
261 2905 473 2993 perturbatur,
493 2903 587 2992 facile
607 2901 746 2967 mutilari
776 2921 887 2986 potest.
901 2905 937 2968 ln
956 2905 1119 2990 Papiliouo

150 3005 387 3096 ponderandum
411 3019 457 3066 est
478 3018 593 3086 caput,
613 3001 746 3076 tltotatt,
777 3000 851 3076 alae,
884 3017 917 3063 et
941 3001 1120 3087 abdomen,

148 3122 241 3189 caput
268 3105 342 3168 duas
366 3101 458 3166 habet
478 3117 623 3163 antennas
650 3100 798 3173 clavatas,
819 3097 1039 3182 prismaticas,
1064 3119 1122 3186 pe·
1225 3098 1228 3102 ’
1329 3111 1331 3118 ‘

150 3203 296 3282 (tinetas,
319 3219 369 3265 aut
389 3217 548 3266 structas:
569 3197 661 3262 habet
680 3214 803 3281 quoque
820 3197 1044 3282 complicatam
1058 3201 1124 3268 litt·
1154 3217 1158 3224 ·

149 3321 243 3384 guam
269 3299 444 3384 spitalem,
465 3319 530 3379 que
557 3295 641 3360 inter
662 3295 742 3360 duos
765 3311 887 3358 erectos
909 3292 1018 3380 palpos
1032 3300 1123 3380 quie..

151 3419 268 3476 scens,
291 3399 398 3461 eidem
421 3395 458 3458 ad
486 3393 681 3474 exsugendos
715 3389 807 3456 flores
837 3391 983 3458 deservit.
1018 3393 1123 3481 Caput

152 3497 214 3560 hoc
248 3495 327 3560 duos
370 3494 461 3556 habet
502 3493 644 3565 oculos,
679 3490 714 3553 itt
761 3485 873 3574 quibus
914 3489 1125 3579 mictoscopip

153 3593 219 3677 ope'
236 3592 346 3674 34630.
372 3589 537 3674 pellucidae
558 3587 656 3654 seties
676 3587 710 3650 in
730 3587 869 3672 perfecta
889 3585 1029 3650 sitnettia
1054 3590 1127 3654 fue-

150 3703 225 3751 runt
241 3689 448 3772 deprehenso.
470 3687 597 3752 Thorax
617 3703 693 3752 vero
721 3683 944 3758 velflavcscit,
963 3685 1015 3746 vel
1031 3685 1124 3764 etism

148 3777 298 3864 ornatura
319 3788 356 3854 ad
375 3805 486 3877 pectus
507 3785 690 3878 prominent
709 3801 839 3878 quatuor
857 3782 910 3851 vel
927 3800 985 3852 sert
1001 3781 1125 3866 ‘peleos
