2872 4810
622 471 705 562 (εκ)

191 601 312 672 posent
332 585 481 652 undecim
502 605 558 673 per
576 583 727 653 incisuras
748 588 830 652 iuter
849 589 1058 656 sedistinctis
1079 603 1170 672 sege.

184 681 459 790 mentis‘constat:
474 684 579 768 quavis
601 703 642 748 ex
670 703 754 768 parte
788 707 879 770 supra
906 690 1000 772 pedes
1022 691 1151 762 exhibet

190 797 308 844 novem
343 799 430 848 ovata
462 783 642 868 spiracula,
672 802 729 868 per
761 806 825 868 quat
857 785 927 870 ¹ipsa
960 787 1040 848 larva
1072 785 1151 850 hali·

189 897 258 948 tum
291 879 390 944 trahit.
431 879 520 944 Idem
550 901 662 966 corpus
697 882 847 966 planum,
876 883 1059 968 capitatum,
1095 903 1151 950 seu

189 981 369 1057 nodosum,
399 983 454 1044 vel
488 981 654 1064 gibbosum
688 1001 763 1058 est,
797 984 953 1067 equaliter
987 1006 1150 1064 crassum,

189 1082 403 1164 requaliterque
432 1097 642 1156 attenuatum,
677 1098 783 1166 versus
819 1082 1052 1148 extremitatem
1086 1101 1152 1148 nort

189 1177 273 1240 nihil
289 1178 322 1240 iu
343 1193 468 1240 acutum
491 1177 634 1242 desinens
651 1197 661 1250 ;
682 1179 732 1239 vel
749 1177 973 1254 unicolorum,
993 1181 1045 1242 vel
1069 1181 1152 1244 mul.

189 1275 309 1360 tiplicis
347 1275 486 1338 eoloris:
509 1275 616 1349 ¹cauda
649 1275 701 1336 vel
740 1274 774 1335 in
807 1277 963 1338 directum
985 1295 1151 1361 protensa,

190 1373 311 1444 velin
346 1390 478 1433 curvum
514 1387 639 1444 erecta,
661 1370 711 1432 vel
746 1370 832 1447 siue,
855 1373 906 1440 vel
941 1391 1015 1435 cum
1037 1370 1152 1438 c'otnu:

191 1470 286 1533 etiam
309 1487 383 1531 cum
403 1485 555 1541 verruca,
579 1465 704 1549 pectine
729 1483 871 1542 setaceo,
900 1468 953 1528 vel
975 1485 1048 1530 cum
1077 1491 1152 1546 uno,

190 1583 242 1628 aut
261 1566 381 1630 duobus
401 1562 615 1642 acuminibus:
637 1564 722 1627 alvus
759 1583 860 1640 vero,
895 1583 951 1628 seu
980 1583 1054 1628 anus
1074 1587 1151 1648 quo·

189 1659 260 1724 dam
288 1663 436 1746 opareulo
471 1661 656 1744 contegitur.
681 1663 775 1725 Larua
808 1661 977 1748 Papilionis
1011 1661 1150 1740 decem,

186 1759 446 1838 quatuordecim,
469 1759 520 1821 vel
549 1757 644 1822 etiam
664 1760 829 1824 sexdecim
860 1761 951 1822 habet
976 1759 1095 1843 pedes:
1121 1761 1151 1826 si

186 1869 262 1914 vero
282 1854 409 1940 plures,
432 1855 481 1916 vel
504 1853 667 1938 pauciores
688 1855 840 1930 exhibet,
863 1876 925 1918 non
946 1855 1076 1939 Papilio,
1091 1856 1149 1919 sed
1170 1905 1174 1918 .

186 1947 269 2011 aliud
291 1950 447 2015 insertum
469 1967 661 2037 prorumpet.
681 1951 810 2034 Quaevis
839 1951 1033 2036 Papilionum
1054 1953 1150 2017 Larva

184 2040 276 2107 habet
308 2065 364 2110 serr
398 2047 516 2123 duros,
541 2065 706 2128 acutosque
735 2047 832 2130 pedes
865 2049 1065 2131 pectorales,
1094 2046 1150 2128 qui

186 2131 280 2204 etiam
302 2163 451 2211 manuum
473 2145 684 2209 ministerium
705 2145 860 2227 supplens
881 2146 998 2206 Harum
1012 2141 1150 2229 quaedam

185 2237 309 2319 species
331 2239 501 2316 celeriter,
523 2241 588 2304 aliae
606 2240 731 2322 segnius
745 2259 778 2303 se
801 2257 835 2318 se
850 2255 997 2314 movent,
1012 2236 1150 2321 quaedam

186 2325 316 2398 extenso
338 2355 495 2420 corpore,
515 2337 580 2401 alias
608 2336 783 2410 inclinato,
805 2323 996 2418 'curvataque
1022 2333 1150 2398 cervice
1232 2419 1233 2426 ἵ

186 2429 349 2510 quiescunt
365 2477 375 2507 ,
393 2432 458 2498 aliae
478 2450 553 2495 vero
583 2449 711 2515 pectore
746 2449 891 2515 porrecto
919 2431 1003 2514 quasi
1031 2432 1150 2496 ccelum

186 2527 390 2606 aspicientes,
411 2531 476 2594 aliae
495 2529 641 2612 anteriori
662 2546 746 2614 parte
767 2529 853 2591 velut
875 2527 908 2590 in
929 2529 1077 2610 angulum
1100 2547 1149 2590 re·

185 2633 293 2694 torto;
315 2624 379 2688 alie
399 2624 529 2688 demum
550 2644 583 2690 se
605 2644 638 2690 se
660 2625 735 2690 solis
758 2623 935 2690 caudalibus
950 2625 1080 2708 pedibus
1101 2625 1152 2688 in·

186 2717 348 2794 nituntur,
376 2740 489 2803 corpus
518 2722 615 2786 veluti
643 2721 760 2783 arboris
793 2721 1006 2784 ramusculum
1027 2722 1060 2784 in
1079 2739 1150 2784 aete

187 2815 368 2880 extendunt.
393 2815 498 2900 Usque
519 2818 595 2880 dum
617 2819 722 2882 Larvaa
751 2816 787 2880 ad
808 2835 895 2881 suam
909 2816 1080 2900 perfectam
1101 2820 1152 2883 sui

186 2912 436 2993 magnitudinem
465 2930 674 2990 excrescant,
700 2909 778 2978 trina
812 2913 852 2980 ad
877 2911 1049 2976 minimum
1076 2913 1151 2977 vice

185 3011 357 3074 cuticulam
387 3029 475 3076 suam
509 2993 709 3082 abstrahuntr'
743 3010 923 3095 priusquam
951 3027 1026 3072 vero
1060 3031 1150 3078 suam
1233 3081 1237 3088 ¹
1323 3049 1331 3071 e

186 3125 292 3172 eutem
314 3126 449 3184 exuant,
466 3113 597 3191 ‘semper
632 3107 738 3173 otiosae
757 3107 949 3181 subsistunt,
983 3108 1151 3190 tranquilla
1171 3161 1174 3169 .

187 3204 312 3280 iacent,
341 3224 372 3268 et
401 3223 502 3290 caput,
519 3203 704 3269 deformiter
732 3203 944 3278 contrahitur,
978 3221 1010 3268 et
1037 3224 1054 3268 a
1080 3225 1151 3270 cor·

188 3319 264 3382 pore
286 3303 454 3368 visibiliter
474 3321 670 3385 segregatur:
691 3301 839 3365 Pellicula
858 3321 935 3366 vero
964 3321 1054 3386 supra
1082 3323 1152 3374 cer·

187 3397 294 3462 vicem
316 3399 537 3483 disrumpitur,
560 3417 591 3463 et
610 3420 627 3462 a
646 3400 850 3482 subsequente
874 3416 960 3482 parte
975 3418 1037 3483 'per
1056 3401 1154 3480 ,itera-
1225 3457 1227 3464 Α

188 3506 235 3556 tos
256 3512 360 3561 motus
382 3513 463 3560 retro
493 3498 642 3582 pellitur,
665 3497 766 3560 donec
787 3496 839 3558 vel
862 3495 997 3579 poenitus
1023 3496 1152 3576 decidit,

189 3591 240 3650 vel
255 3589 350 3677 'affixa
369 3591 469 3662 haeret.
503 3595 591 3658 Nova
610 3613 713 3658 autem
732 3594 795 3658 hsce
825 3610 960 3656 ereatura
982 3593 1151 3658 admodum

165 3687 321 3765 ‘³-mollis‚
344 3709 375 3756 et
394 3693 525 3758 delicata
538 3711 600 3767 est,
620 3691 708 3756 brevi
729 3707 835 3754 tamen
862 3707 916 3772 per
935 3707 1041 3754 aerem
1062 3693 1151 3757 indu·

183 3802 282 3857 eatur.
315 3789 467 3872 Quadam
499 3793 602 3860 Laruae
622 3789 801 3888 homnibus,
836 3787 902 3862 alia
933 3789 1091 3866 diversis,
1121 3807 1153 3856 et
