2872 4810
744 441 858 544 (vni),

314 563 398 643 iuxta
420 561 531 630 caloris
551 544 874 634 memum‘acttdit.
903 561 952 640 Er
969 563 1010 630 iis
1030 579 1153 650 quoque
1181 563 1275 643 ouis.

311 687 378 748 quae
399 679 540 726 contecta
560 663 662 738 iacent
686 662 820 746 quaedam
849 661 968 746 integra
991 663 1107 744 hyeme
1135 682 1198 726 non
1221 683 1278 728 ex·

310 755 496 826 cluduntur:
520 761 638 824 nimius
659 777 763 824 autern
786 758 894 834 calor,
909 763 967 820 'aut
984 759 1093 840 ingens
1107 759 1275 825 humiditas

306 853 451 943 ipsorum
471 851 634 920 interitum
656 869 833 938 promovet.
851 855 976 919 Horum
994 851 1191 938 Papilionum
1205 877 1276 934 ova,

308 977 377 1038 quaa
394 955 585 1018 teneriorem
613 951 767 1014 corticem
794 952 928 1027 habeut,
953 969 1073 1014 mutant
1101 953 1271 1028 colorem,

307 1051 386 1114 dum
408 1053 502 1114 Larva
535 1050 613 1114 adeo
648 1063 766 1111 matura
792 1063 868 1122 est,
910 1064 943 1110 ut
982 1066 1150 1132 prorepere
1192 1049 1274 1115 iuci-

308 1149 383 1234 piat.
411 1149 553 1212 Tandem
573 1167 649 1211 vero
681 1146 865 1228 operculum
892 1144 1000 1228 aperit.
1035 1145 1273 1212 Observandum

308 1262 456 1326 quoque,
477 1244 560 1326 quod
586 1263 648 1305 non
669 1260 736 1304 raro
764 1241 898 1304 aliorum
927 1241 1145 1316 insectorum,
1167 1243 1276 1326 praei·
1369 1279 1372 1286 .

312 1357 375 1424 puc
395 1341 587 1423 quorundam
607 1339 799 1415 Cimicum,
821 1356 852 1402 et
871 1337 1119 1402 Tenthredinum
1141 1356 1200 1400 ova
1220 1337 1295 1422 pro'

218 1437 222 1447 “
307 1435 505 1521 Papilionunt
526 1435 629 1512 ovulis
643 1436 748 1499 haberi
761 1453 891 1518 queant,
905 1434 1018 1516 hicque
1034 1453 1119 1498 error
1133 1435 1275 1520 primum

309 1533 502 1616 detegatur,
517 1535 593 1596 dum
614 1534 710 1596 latens
732 1533 889 1596 insectutn
911 1530 1060 1615 prorepit.
1224 1597 1228 1604 ι

351 1629 453 1698 Latvae
473 1628 652 1694 dividuntur
673 1628 706 1690 in
726 1626 846 1702 nudas,
868 1626 1006 1710 pilosas,
1027 1628 1190 1711 spinosas,
1224 1645 1275 1693 se-

250 1805 261 1815 ·
309 1741 430 1802 taceas,
457 1744 489 1788 et
509 1725 644 1788 villosas.
663 1722 756 1786 Juxta
773 1721 915 1784 alimenti
936 1723 984 1786 sui
1005 1725 1182 1806 qualitatem
1203 1744 1274 1820 sunt

309 1823 361 1884 vel
391 1824 517 1898 noxiae,
551 1823 601 1884 vel
637 1819 800 1892 iunocuae,
831 1837 862 1881 et
897 1820 982 1894 juxta
1007 1842 1066 1886 suas
1094 1842 1271 1886 commota-

307 1920 406 1988 tionis
426 1921 603 2005 qualitatem
623 1918 675 1982 vel
697 1916 863 1992 solitario,
884 1919 935 1980 vel
957 1915 1121 1982 sociabiles
1141 1937 1227 1982 sunt:
1242 1937 1275 1984 ea
1310 1928 1314 1934 '

310 2017 454 2084 solitariae
475 2037 545 2084 sunt
564 2015 730 2090 visibilcS,
752 2015 803 2078 vel
823 2015 929 2079 subtus
950 2035 1064 2080 tetram
1078 2017 1273 2098 absconditae,

308 2115 345 2177 in
364 2119 545 2199 putrefactis
565 2112 748 2188 arboribus,
770 2112 821 2176 vel
850 2113 1048 2197 complicatis
1083 2113 1193 2192 l'oliis,
1219 2113 1294 2178 vel¹

309 2219 344 2283 in
364 2215 422 2277 alia
441 2216 509 2280 telas
528 2215 644 2302 specie.

322 2306 332 2326 ⁸
350 2309 416 2391 Qui
439 2310 574 2374 internas
596 2310 684 2372 larvas
705 2323 804 2389 partes
824 2308 998 2370 anatomice
1020 2307 1188 2393 descriptas
1215 2329 1272 2372 no·

308 2423 397 2468 scete
418 2405 593 2478 desiderat,
618 2403 775 2466 Valmontii
794 2408 826 2463 de
847 2401 965 2466 Bostare
980 2404 1211 2469 Dictionarium
1225 2405 1273 2468 hi·

309 2501 409 2566 storia
429 2499 573 2564 naturalis
594 2499 724 2560 articulo
748 2497 802 2558 Ver
827 2497 846 2554 ὰ
870 2498 953 2573 soie,
979 2491 1059 2563 idest
1085 2502 1214 2580 Bomhyx
1243 2518 1275 2565 et

297 2612 471 2666 ‚auctorem
516 2600 625 2678 Lyonet
660 2597 808 2660 consulat.
836 2598 853 2629 *
881 2596 916 2658 Id
937 2597 1018 2680 quod
1050 2596 1150 2659 libero
1178 2599 1274 2662 oculo
1342 2657 1347 2666 ,

309 2691 466 2776 cernitur,
489 2712 537 2758 est
557 2710 671 2778 caput,
695 2713 833 2777 corpus,
854 2711 887 2756 et
905 2695 1021 2758 cauda:
1044 2713 1135 2780 caput
1150 2712 1196 2758 est
1215 2695 1271 2759 vix

274 2792 582 2867 morimundum,
603 2791 640 2854 ad
674 2792 809 2856 formam
845 2793 974 2867 cordis,
1008 2809 1038 2854 et
1065 2792 1271 2873 triangulare:

306 2885 395 2948 frons
409 2887 521 2967 glabre,
532 2890 630 2972 plana,
654 2889 810 2971 clypeata:
826 2907 911 2970 genae
924 2888 1104 2970 quibusdam
1119 2887 1273 2964 minimis,

309 2997 341 3040 et
354 2999 433 3064 saepe
447 2984 502 3046 vix
517 2983 693 3047 visibilibus
716 2984 850 3064 globulis
872 2981 1042 3046 distinctae:
1063 3001 1126 3044 non
1147 2983 1273 3048 deerant

295 3075 360 3155 qui
382 3077 438 3140 bos
462 3095 532 3142 esse
566 3079 730 3141 Larvarum
759 3079 870 3141 oculos
899 3075 1084 3138 crederent:
1113 3097 1211 3160 prope
1235 3097 1273 3142 os

307 3171 489 3251 prominent
507 3174 569 3234 duo
592 3172 696 3254 palpi:
719 3173 909 3250 mandibulas
930 3171 1042 3234 habent
1067 3171 1117 3234 vel
1140 3173 1269 3238 abscon«

307 3263 384 3329 ditas
397 3312 407 3341 ‚
422 3269 472 3330 vel
494 3267 530 3330 ad
551 3287 692 3330 morsum
714 3267 780 3332 esui
802 3269 1007 3334 inservientes
1020 3267 1162 3334 visibiles
1178 3290 1265 3334 :cot-

307 3397 1263 3422 ...-.........-..............................,.

346 3461 366 3494 '¹‘
375 3457 499 3542 Lyonet
516 3462 699 3526 celeberrimus
719 3468 859 3548 naturalis
872 3466 995 3531 liriorta
1014 3483 1109 3528 auctor
1123 3467 1153 3528 t'rt
1166 3469 1267 3546 Larua,

310 3558 419 3619 nomine
433 3559 559 3636 COSSUS,
582 3565 715 3625 musculos
736 3567 813 3640 4061
844 3564 989 3648 reperiisse
1016 3561 1116 3645 refert,
1137 3581 1164 3623 tt
1178 3567 1266 3628 horon

262 3724 270 3765 ·,
308 3659 485 3821 lulggmpre
506 3665 598 3750 capite
619 3663 702 3742 228,
718 3689 774 3754 pto
796 3687 908 3751 corpote
932 3667 1026 3758 t§47,
1045 3689 1100 3752 pro
1127 3663 1261 3740 intestini,
1417 3661 1418 3733 l

290 3817 292 3826 ,
312 3775 347 3818 21
371 3801 372 3804 η
