2872 4810
742 445 826 541 (³¹¹¹)

300 575 391 641 'eninr
417 589 480 651 est,
514 589 548 637 ut
581 588 690 636 acrem
711 570 809 634 libere
840 567 956 652 spirate
976 569 1106 632 valcant.
1138 562 1297 638 notens

301 692 407 738 autem
435 671 572 756 pabulo,
602 668 653 732 cui
684 667 854 732 insidentes
878 685 1005 752 repertas
1033 669 1182 740 fuerunt,
1205 687 1263 730 nuo

301 775 445 835 triautur:
467 786 498 831 et
520 764 689 832 commode
718 762 797 826 illud
823 762 857 825 in
877 763 986 827 vitreis
1006 761 1138 824 vasculis
1159 762 1281 826 modis·

304 887 342 928 cn
355 888 430 950 aqua
451 863 545 930 affusa
573 863 722 927 collocati
745 861 862 935 valeas,
882 879 913 924 ut
927 861 973 949 'in
1011 860 1119 941 vigore
1147 860 1265 922 diutius

199 1022 205 1032 .
299 981 476 1038 remaneat,
490 983 526 1024 ac
548 978 712 1044 propterca
724 960 865 1021 fervente
878 957 1014 1020 nimium
1031 958 1134 1018 calore
1154 955 1283 1022 saltent-

301 1060 351 1122 bis
372 1061 407 1122 in
427 1059 515 1121 diem
543 1057 736 1126 immutetur.
772 1055 807 1118 ln
831 1055 922 1120 vitris
947 1057 999 1118 abs
1020 1053 1115 1120 dubio
1142 1054 1265 1118 facilius

303 1155 462 1220 observari
490 1172 637 1239 possunt,
659 1145 760 1216 nimis
784 1172 889 1216 tamen
917 1153 1085 1217 difficulter¹
1110 1153 1144 1215 in
1168 1153 1266 1215 altum

304 1270 474 1338 prorepere
492 1252 607 1325 valeat,
635 1249 718 1332 quod
736 1267 839 1314 tamen
858 1249 935 1334 ipsis
949 1250 1101 1313 familiare
1116 1265 1177 1312 est:
1192 1249 1282 1311 huic·

305 1367 410 1412 antem
435 1348 574 1412 defectui
597 1347 716 1410 obviati
745 1365 847 1432 potest
876 1347 1020 1432 expansis
1055 1347 1168 1427 ligneis
1202 1348 1287 1410 ftu··
1376 1359 1379 1366 ·

304 1447 425 1522 etulis,
462 1449 511 1508 vel
550 1445 734 1510 ramusculis
760 1444 956 1510 divaricatim
979 1443 1125 1527 positis,
1153 1444 1204 1504 vel
1231 1444 1267 1506 in

304 1563 377 1610 vase
402 1543 573 1606 corticibus
600 1541 770 1614 arborum,
792 1543 843 1604 vel
865 1543 1022 1604 exsiccato
1044 1542 1130 1621 ligno
1148 1539 1184 1604 ad
1204 1561 1282 1604 sua·

304 1638 502 1704 habitationis
523 1639 650 1718 angulos
672 1637 837 1702 collocato.
870 1638 906 1701 In
931 1639 1011 1704 vasis
1032 1639 1128 1702 fundo
1157 1639 1268 1702 saltent

305 1751 365 1820 pro
391 1736 504 1810 nudis,
541 1753 572 1797 et
607 1733 716 1816 pilosis
751 1735 855 1798 Laruis
890 1753 968 1800 terta
1002 1737 1038 1798 ad
1071 1735 1268 1800 altitudinem

254 1859 256 1862 ·
304 1835 404 1898 trium
421 1832 592 1914 digitorum
614 1831 770 1894 subtiliter
790 1851 910 1913 aggesta
924 1837 1077 1918 ponatur,
1100 1855 1165 1916 quaa
1177 1852 1273 1915 quan.

307 1931 410 2013 doque
444 1929 572 2012 spongia
596 1930 803 1994 humectetur.
832 1931 952 1994 Dantur
981 1932 1116 2013 quasdam
1147 1929 1272 2014 species

308 2026 478 2112 praesertim
504 2027 674 2103 nudarum,
705 2049 769 2110 quae
790 2027 885 2091 simul
914 2027 948 2088 in
971 2028 1084 2090 eodem
1106 2045 1177 2092 vase
1205 2049 1271 2092 non

309 2144 381 2191 sunt
405 2124 568 2208 ponendae,
590 2125 660 2206 quia
687 2143 764 2208 saepe
783 2145 842 2188 una
862 2125 990 2188 alteram
1019 2125 1188 2188 morderet
1216 2126 1273 2188 de-

310 2241 408 2296 vorat,
427 2223 594 2306 praesertim
613 2221 640 2284 si
661 2224 743 2284 farne
767 2244 965 2306 premuntur;
988 2227 1054 2288 imo
1070 2245 1102 2290 et
1115 2224 1275 2308 offendunt

310 2316 407 2400 Pupas
434 2319 497 2392 iarn
519 2317 689 2393 involutas,
713 2321 866 2404 praecipue
887 2323 963 2404 dnm
991 2337 1054 2386 non
1069 2343 1135 2386 raro
1156 2337 1274 2386 erratur
1309 2366 1314 2376 ·

310 2416 345 2480 in
366 2395 578 2476 discernendis
606 2414 711 2478 Larvis
731 2414 991 2500 a‘Papilinnibusss

350 2510 579 2591 Nonnunquam
604 2529 750 2592 apparent
785 2529 983 2582 excrementa
1018 2536 1128 2580 eorum
1160 2517 1274 2602 cupio*

241 2629 245 2638 ·
312 2607 432 2674 sinsin
458 2625 537 2674 terra
556 2623 737 2690 ,congesta3
766 2627 952 2695 quapropter
978 2613 1060 2688 loci,
1076 2607 1078 2614 ’
1095 2615 1148 2677 ubi
1175 2633 1274 2678 assero
1302 2647 1306 2656 Δ

313 2721 422 2770 vantur
434 2719 453 2780 ,“
466 2704 575 2789 sapius
596 2707 787 2788 expurgandi
809 2727 892 2784 sunt,
914 2711 1046 2775 adhibita
1062 2713 1203 2787 cautela,
1230 2731 1273 2776 ne

313 2803 601 2887 Larvas‚=quantum
628 2804 696 2866 fieri
722 2823 846 2888 potest,
881 2810 1104 2885 molestentur,
1126 2827 1185 2872 nec
1206 2811 1272 2874 ullo

314 2904 412 2967 modo
431 2923 523 2966 manu
545 2917 753 2966 attrectentur.
782 2905 813 2968 Si
841 2906 923 2968 larva
945 2929 1032 2972 suam
1063 2910 1272 2975 maturitatem
1304 2943 1307 2950 ¹

314 3019 362 3064 cst
387 3001 512 3086 adepta,
534 3003 717 3086 plerumque
746 3004 888 3068 colorem
908 3005 1071 3082 immutat,
1093 3025 1125 3071 et
1151 3027 1184 3072 se
1206 3027 1271 3074 sea
1309 3052 1315 3060 -

315 3101 416 3173 nirnia
437 3100 526 3164 sorde
549 3118 720 3182 expurgat,
744 3118 875 3183 operose
900 3102 1173 3183 circumeundae,
1196 3107 1274 3172 sibi-1⁴

310 3215 375 3281 quc
404 3215 463 3262 suaa
481 3197 758 3264 transformationis
779 3200 886 3262 locum
901 3202 1020 3282 seligit:
1042 3207 1166 3270 tandem
1180 3205 1274 3271 Latva

312 3314 452 3361 mutatur
478 3295 511 3358 in
529 3289 647 3379 Pupam
664 3341 673 3370 ,
692 3307 723 3358 et
744 3298 967 3378 praeambulum
989 3302 1024 3364 ad
1039 3303 1116 3375 hanc
1129 3305 1276 3366 transfor·
1305 3331 1310 3338 ·
1346 3322 1352 3344 ¹

316 3392 491 3456 mationem
516 3393 569 3454 vel
589 3391 774 3468 visibiliter,
790 3395 840 3456 vel
861 3395 1065 3461 invisibiliter
1084 3399 1141 3474 fit,-
1163 3417 1193 3462 et
1206 3399 1276 3480 qui·

315 3491 391 3553 dent
413 3488 603 3564 visibiliter,
624 3489 650 3553 si
671 3491 765 3554 Larva
786 3513 861 3556 curn
875 3494 1017 3558 inferiori
1034 3497 1174 3580 corporis
1188 3513 1275 3580 parte

316 3584 614 3670 perpendiculariter
641 3605 680 3650 ex
706 3589 759 3650 filo
777 3603 923 3673 suspensa
941 3592 1074 3674 pendet,
1093 3593 1143 3654 vel
1159 3593 1185 3656 si
1201 3613 1276 3677 pra]⁴

318 3706 366 3752 ter
386 3689 509 3755 affixam
531 3693 715 3756 inferiorem
731 3695 874 3778 corporis
893 3711 1011 3777 partem
1026 3691 1153 3775 insuper
1167 3710 1275 3776 pectus

308 3787 378 3864 ‚filo
400 3789 581 3856 circumdat.
601 3791 805 3856 invisibiliter
822 3810 929 3869 vero,
950 3792 978 3857 si
1000 3809 1104 3859 semet
1130 3790 1312 3856 folliculo-tx·
