2872 4810
531 537 534 544 v
575 497 685 595 (xvir)

145 609 226 694 pudo
249 609 346 672 burno
362 602 547 690 quiescunt,
567 606 620 667 alii
641 607 794 693 lapidibus
821 607 1005 690 putrefacto·
1019 609 1114 694 lignus

144 703 207 770 etc}
234 707 377 770 insident
408 703 451 766 Hi
478 703 554 766 dum
582 704 692 770 sedent
719 705 788 789 capi
817 723 943 788 possunt
973 709 1113 789 quodam

144 805 378 878 instrumento,
405 803 488 884 quud
522 800 678 866 circulum
709 805 810 870 serica
843 803 902 864 reti
937 803 1106 871 obductum

148 919 213 976 est,
243 901 365 964 facilius
388 917 510 974 autem,
540 898 615 964 dum
642 896 769 978 volant,
796 900 1022 972 instrumento,
1050 917 1108 974 seu

147 999 231 1074 reti,
260 999 341 1082 quod
358 999 474 1074 bursae,
503 997 552 1062 vel
574 1001 721 1085 marsupii
739 1000 849 1067 baculo
871 995 955 1062 affixi
971 999 1112 1078 formam

149 1093 249 1156 habet.
277 1095 342 1157 Alii
364 1095 523 1156 dumtaxat
545 1107 638 1158 noctu
659 1100 781 1176 volant,
809 1111 1007 1160 et'vocantur
1034 1093 1111 1170 Pla,
1194 1145 1197 1150 .

81 1205 82 1208 ’
144 1188 243 1256 ienae:
280 1192 312 1254 hi
342 1192 475 1256 lucerua
504 1191 667 1275 splendore
684 1194 721 1256 in
745 1193 890 1257 cubiculo
918 1194 1110 1277 alliciuntur,

147 1307 248 1370 eoque
275 1289 336 1356 fine
366 1291 491 1358 lucerna
514 1291 621 1354 ardens
642 1290 679 1354 ad
695 1309 831 1373 apertam
852 1291 1018 1354 fenestram
1033 1289 1113 1382 ponq

145 1395 271 1460 Potest,
296 1386 467 1452 cavendum
486 1402 608 1458 tamen,
632 1403 671 1444 ne
693 1405 760 1452 suas
781 1388 840 1452 alas
860 1385 896 1448 ad
923 1386 1030 1450 lumen
1051 1385 1109 1458 ds·¹

146 1497 287 1556 struant,
307 1482 478 1546 consultius
506 1498 580 1558 crgo
604 1497 672 1556 est,
701 1483 727 1546 si
748 1483 781 1545 in
804 1500 857 1544 eos
877 1499 933 1564 per
959 1481 1046 1544 diem
1060 1483 1111 1552 in,

146 1579 304 1662 quirunt,
325 1589 405 1640 tunc¹
420 1577 505 1638 enirn
521 1575 576 1664 ⁴vel
597 1577 631 1638 in
667 1583 793 1656 umbra,
822 1580 872 1645 vel
901 1579 933 1640 in
962 1580 1110 1652 arborum
1168 1608 1170 1614 ’

144 1674 311 1756 cavernis,
331 1674 448 1746 ramis,
477 1672 593 1746 muris,
622 1678 775 1744 ass'eribus
801 1675 948 1750 resident,
977 1667 1115 1766 etquasi

114 1845 118 1851 ¹
145 1771 203 1832 sub
228 1786 312 1832 tecto
334 1769 518 1850 quiescunt:
541 1769 593 1833 alii
609 1773 732 1841 tandem
753 1773 906 1857 praecipue
921 1772 1025 1832 volant
1040 1791 1112 1838 cre,

146 1865 269 1948 pusculi
296 1882 462 1948 ternpore,
491 1882 523 1926 et
549 1865 732 1950 hicPapilio
758 1885 887 1942 vocatur
914 1865 1054 1947 Sphinx:
1074 1865 1111 1940 hi

146 1980 269 2042 quoque
286 1978 352 2023 tuto
374 1961 407 2022 in
421 1960 472 2022 die
492 1961 628 2023 inveniri
643 1983 775 2044 queunt,
798 1965 919 2047 quando
935 1963 1111 2046 quiescuntq

148 2058 207 2124 Ast
233 2057 285 2138 qui
306 2057 480 2140 Papiliones
501 2076 564 2122 non
588 2075 720 2134 emere,
751 2062 806 2124 sed
836 2059 990 2138 colligere
1016 2061 1108 2128 vult,

147 2155 266 2224 multos
292 2153 465 2220 numerabit
491 2171 610 2226 annos,
639 2155 708 2236 quia
733 2149 842 2220 adhuc
859 2154 1031 2216 notabilem
1053 2173 1110 2230 eo·-¹

146 2265 218 2312 rum
246 2271 414 2318 numerum
436 2251 477 2312 sit
498 2249 701 2332 acquisiturus
718 2252 909 2334 praesertim,
933 2269 966 2326 ac
988 2269 1110 2332 pastro,

145 2347 210 2414 ruis
237 2348 323 2411 bisce
351 2349 524 2433 speciebus.
544 2347 718 2430 Papiliones
746 2349 856 2432 primae
881 2345 999 2429 speciei
1029 2347 1107 2408 laci·
1162 2377 1163 2381 ¹

145 2442 227 2516 lius,
250 2465 341 2526 quam
368 2463 594 2528 postremarum
622 2445 750 2508 duarum
786 2443 920 2506 inveniri
951 2461 1103 2525 possunt;

147 2542 343 2618 econtrario
370 2541 525 2623 utriusque
555 2541 645 2616 hujus
671 2541 790 2624 sperici
822 2541 931 2606 tanat
958 2541 1106 2626 facilius,

145 2657 239 2720 quam
267 2641 416 2722 priorum.
434 2639 524 2723 Capti
550 2639 728 2721 Papiliones,
744 2658 833 2716 causa
852 2655 922 2702 sunt
944 2638 1110 2720 tractandi,⁵

147 2752 188 2802 ne
210 2737 263 2798 3133
284 2752 539 2814 corrumpantur:
554 2728 669 2798 ¹eorum
691 2733 818 2796 dorsum
839 2751 894 2794 333
909 2731 1103 2810 transfigitur,

148 2850 181 2904 et
203 2831 290 2914 plus,
318 2829 463 2892 minusve
491 2847 666 2910 penetrante
690 2848 748 2890 acu
775 2826 1110 2900 interficiuntur,tutn

147 2930 230 2994 inter
258 2925 335 2988 ditos
370 2925 490 3005 ligneos
519 2927 711 3000 asseremus,
746 2943 801 3006 per
835 2942 980 3005 quorum,
1003 2923 1113 2996 sulcos,

147 3025 296 3087 rubereus
324 3040 433 3091 cortex
469 3019 671 3095 extendatur,
702 3020 886 3102 alligantur,
917 3041 952 3082 ac
978 3019 1011 3082 in
1046 3020 1108 3086 hoc

147 3123 237 3186 sulco
274 3118 441 3202 Papilionis
482 3136 594 3198 corpus
620 3117 847 3196 immergitur:
878 3134 945 3182 turn
985 3118 1110 3182 duobus

148 3217 435 3300 quadrangularibus
456 3213 544 3280 vitris
567 3231 706 3294 expansae
722 3213 773 3278 3133
790 3211 902 3274 leuiter
923 3213 1105 3295 deprimun-

148 3328 222 3390 ¹tur,
245 3313 329 3397 quasi
346 3309 463 3394 Papilio
483 3328 550 3371 actu
573 3309 703 3381 volaret,
725 3324 756 3368 ct
783 3327 892 3372 omncs
912 3327 1040 3392 quatuor
1052 3313 1111 3398 3133,

149 3418 181 3480 ia
202 3427 371 3494 conspectu
390 3407 461 3476 sint.
481 3405 629 3488 Antennu
646 3421 739 3477 vero,
757 3422 787 3464 et
806 3405 899 3488 pedes
914 3406 1017 3488 infixis
1032 3428 1110 3482 acu·¹

150 3509 206 3588 bus
234 3509 267 3570 in
294 3503 421 3572 naturali
443 3522 498 3564 suo
524 3501 584 3564 situ
612 3501 759 3562 collocari
785 3520 907 3583 queunt.
929 3503 972 3566 lta
990 3505 1104 3587 ,dIspm

150 3605 247 3670 situm
272 3603 428 3664 insuetum
444 3643 454 3671 ,
470 3598 580 3660 saltem
600 3615 656 3680 per
675 3597 789 3678 aliquot
810 3599 888 3682 dics.
905 3599 1109 3684 relinquatur„

152 3700 252 3774 donec
280 3699 462 3776 indurescat.
482 3693 677 3782 Papilionum
708 3683 741 3758 in
763 3693 812 3756 die
833 3694 1005 3758 volantium
1027 3717 1106 3778 quae·

150 3797 232 3882 libet
252 3797 374 3882 species
408 3795 443 3862 in
469 3809 592 3951 333αὲ33
629 3807 727 3876 parte:
764 3791 892 3858 illorum
912 3809 1016 3868 vcro,
1052 3789 1106 3886 qui
