2872 4810
251 651 256 660 .
287 643 292 649 -
367 603 547 678 ·.oinv·ur
567 513 948 706 sibffounonnrs·

215 768 368 854 virides,
399 772 597 842 rubro-fusco
625 768 753 840 mixto,
775 766 875 848 capite
895 785 985 850 supra
1004 769 1127 832 subrufo

175 851 311 922 suscito,
333 851 445 916 duabus
467 849 645 940 cuspidibus
666 846 821 912 similibus
839 846 906 940 pari
931 851 1030 916 forma
1056 869 1129 932 ptoo

176 931 265 1024 ximo
286 950 446 1013 segmento
467 931 585 1004 insitis,
607 931 672 992 fere
697 929 993 1012 perpendiculariter
1021 947 1129 996 erectio

177 1029 382 1098 quiescentes.

374 1170 435 1232 PH.
455 1168 587 1236 GEOM.
614 1167 926 1236 AIBOLINEATAE

216 1332 294 1394 Fere
325 1329 653 1404 unicolores,.nitido
688 1325 821 1404 virides,
848 1347 906 1390 una
933 1333 983 1391 vel
1012 1334 1127 1400 duabus
1147 1323 1178 1343 '¹

176 1429 296 1474 tantum
317 1409 393 1472 albis
413 1409 505 1472 lineis
537 1407 572 1472 in
602 1427 809 1480 transversum
830 1408 985 1476 subviridc
1013 1414 1130 1476 alarum

177 1489 310 1562 fundum
329 1489 541 1570 signantibus,
563 1489 692 1572 posticis
711 1489 790 1572 apud
810 1489 952 1572 quosdam
970 1495 1128 1572 angulatis.

195 1653 199 1660 -
315 1637 318 1642 ·
430 1615 597 1689 itnvnu
622 1613 899 1706 conuenite

217 1727 401 1801 Corticlnae,
423 1729 553 1811 co'rpore
574 1742 749 1808 periurum
769 1725 922 1805 aqualiter
942 1750 1042 1809 crgsso
1059 1757 1129 1812 ‚em

179 1806 244 1888 pite
264 1808 522 1891 amblocephalo,
544 1809 635 1890 supra
654 1805 774 1880 bifido,
795 1806 951 1873 interdum
983 1814 1038 1878 vix
1065 1838 1129 1884 non

177 1888 352 1952 bicornuto.
401 1921 403 1926 ·
905 1919 908 1931 ·

364 1967 425 2041 PH.
446 1967 576 2034 GEOM
596 1963 946 2034 BOMBYCIFORMES

217 2127 320 2215 Dorso
342 2130 427 2201 litto,
448 2145 644 2200 tomentoso,
665 2125 720 2189 alis
735 2126 923 2217 rotundatis,
947 2131 1129 2228 plerumque

180 2207 397 2288 albo-griseis,
417 2207 600 2291 quibusdam
620 2205 783 2280 obscuris,
805 2208 1000 2288 inaequalibus
1032 2214 1129 2291 striis,

180 2304 211 2380 et
230 2289 378 2373 punctis,
399 2308 530 2384 corpore
550 2288 683 2354 marium
701 2286 808 2362 brevi,
829 2289 1007 2382 cuspidato,
1027 2313 1133 2358 anien·
1256 2314 1258 2319 ·

179 2388 227 2434 nis
246 2370 333 2432 valde
355 2389 541 2454 pectinario,
561 2388 593 2433 et
611 2367 690 2452 apud
710 2370 813 2450 plures
834 2387 867 2430 in
886 2389 973 2452 apice
986 2376 1129 2440 setaceis.

401 2496 567 2571 bonvile
591 2494 914 2561 PEDUNCULARES

221 2611 328 2690 Aeque
350 2628 470 2684 erassae,
490 2609 545 2672 sed
564 2610 663 2689 magis
682 2611 863 2692 serpentine
875 2609 1046 2692 prioribus,
1068 2607 1135 2678 non
1159 2665 1160 2670 ι

183 2710 250 2754 taio
271 2690 460 2762 subvirides,
485 2689 584 2768 capite
604 2709 620 2748 a
639 2691 739 2750 fronte
769 2689 801 2749 in
829 2691 954 2771 planum
980 2695 1131 2774 praeciso,

184 2788 275 2854 supra
292 2767 404 2842 bifido,
426 2769 491 2830 fere
512 2767 546 2838 in
566 2767 705 2850 primum
725 2783 922 2846 segmentum
943 2773 1113 2853 recundito.

337 2927 399 2999 tir.
420 2927 551 2994 croit
574 2893 980 2994 ennunrosrnirrnn

222 3090 327 3154 Dorso
348 3107 498 3170 angusto,
521 3107 652 3172 corpore
672 3087 831 3162 fillforoii,
852 3087 906 3152 alis
925 3091 1135 3164 communiter

185 3172 284 3238 nitido
305 3169 439 3250 griseis,
461 3171 619 3244 obscuris,
640 3188 690 3232 aut
708 3169 784 3232 albis
803 3168 932 3231 dentatis
945 3169 1028 3235 striis
1042 3191 1136 3238 trans-

186 3253 380 3325 versulibus,
402 3271 461 3326 una
480 3271 543 3314 non
563 3271 629 3316 raro
650 3251 684 3312 in
704 3250 790 3326 disco
811 3267 914 3322 ovato,
940 3250 1134 3332 *nigro-mai·

189 3334 287 3410 ginata
305 3334 448 3407 macula,
470 3333 503 3394 in
529 3333 668 3416 margine
696 3331 943 3418 postico-nigra,
969 3329 1136 3422 interrupta

187 3413 270 3500 lineo
289 3413 498 3488 transversale·
584 3447 586 3452 ·
895 3457 897 3464 .
1075 3440 1079 3450 =

466 3573 632 3640 initvnlz
656 3574 862 3642 STRIATAE

231 3733 311 3798 Latis
331 3737 441 3812 valde,
462 3708 579 3802 tantum
606 3738 679 3800 hinc
714 3737 786 3800 inde
820 3757 928 3820 parum
963 3735 1140 3813 interruptis

195 3817 388 3976 {gfoilihespffi
409 3836 460 3894 aur
477 3835 599 3912 tergum
617 3819 724 3896 striis,
745 3819 917 3892 alternatim
937 3817 1024 3880 vitae
1043 3813 1142 3948 nitido
1189 3885 1191 3890 ,
