2872 4810
175 1270 228 1412 In
250 1347 319 1430 ipso
338 1349 442 1418 statim
457 1355 567 1440 opellae
580 1373 659 1426 meat
670 1363 827 1431 vestibulo
842 1385 938 1454 pauca
957 1375 996 1440 dt
1011 1381 1143 1456 diversis

172 1438 454 1552 Lepi-doptetorum
463 1455 588 1519 statibus
602 1456 768 1540 Tyronum
779 1467 946 1546 praesertim
957 1475 1080 1544 utilitati
1093 1485 1138 1557 itta

172 1555 346 1636 setvttura,
368 1547 543 1612 amicorum
566 1570 711 1616 meorum
733 1558 769 1620 ad
789 1579 861 1626 vota
882 1577 1097 1644 communico.

211 1637 332 1702 Primus
353 1653 445 1707 status
480 1663 526 1706 est
547 1664 655 1711 ovum.
685 1650 835 1720 Foemella
859 1661 915 1726 vix
943 1687 1006 1731 nott
1034 1675 1139 1742 statim

172 1745 245 1818 post
278 1738 371 1802 maris
397 1753 715 1828 congressumhova,
748 1767 780 1813 et
814 1759 994 1845 quandoque
1023 1768 1141 1852 aliquot

169 1845 302 1898 centena
324 1837 492 1912 excludit,
511 1861 575 1922 quaa
600 1855 819 1928 nonnunquam
850 1845 1017 1924 infovenda
1044 1879 1139 1943 sunt,

170 1921 274 1993 sidio
296 1933 390 1997 matis
419 1949 586 2018 congressu
608 1957 713 2003 carere
735 1951 947 2030 compellitur.
968 1959 1041 2022 Haec
1061 1959 1137 2026 vcro

171 2027 224 2090 vel
245 2048 385 2095 seorsum
408 2033 521 2117 ponit,
542 2037 592 2098 vel
614 2037 646 2099 in
669 2059 767 2104 unum
788 2049 953 2114 cumulum
992 2055 1025 2116 in
1053 2079 1137 2132 utta,

169 2129 221 2188 vel
245 2129 384 2211 pluribus
417 2127 527 2204 soliis,
553 2151 604 2196 aut
638 2136 751 2218 plantis
779 2143 927 2226 colligit,
955 2167 1050 2232 eaque
1086 2155 1138 2216 vel

171 2241 313 2290 seorsum
334 2228 465 2302 subtus,
486 2230 647 2310 ueletiam
668 2233 705 2297 ad
729 2233 807 2301 latus
835 2243 943 2320 plattrae
971 2246 1138 2323 conjuncta
1174 2291 1192 2300 ψ

171 2323 361 2403 agglutinat,
385 2339 416 2387 et
435 2326 485 2387 vel
513 2345 639 2410 aperta,
676 2331 726 2392 vel
755 2333 887 2414 quodam
921 2320 1049 2418 serico,
1084 2347 1136 2409 vel

169 2417 246 2485 latta
266 2411 347 2484 affini
364 2417 546 2495 involucro,
564 2425 646 2506 quod
661 2425 695 2488 in
709 2431 874 2511 posteriori
894 2437 1036 2520 corporis
1053 2461 1138 2523 parte

169 2515 252 2584 hunc
275 2523 308 2584 in
329 2525 426 2586 finem
447 2539 550 2598 tenet,
566 2525 716 2605 contegit.
736 2527 858 2593 Horum
881 2547 1014 2598 ovorum
1028 2527 1138 2606 fotmae'

169 2634 241 2682 suut
260 2621 313 2682 vel
333 2617 491 2691 rotunda,
513 2619 565 2680 vel
587 2621 806 2700 subtutundae,
828 2625 909 2692 idest
926 2623 1138 2718 convexopla·

75 2767 77 2770 .
171 2731 242 2790 ttae,
264 2731 314 2778 aut
335 2711 523 2797 cylindricae.

209 2806 331 2877 Eorum
353 2811 443 2874 color
464 2831 510 2874 cst
529 2811 639 2890 albus,
663 2815 857 2906 ossi'formis,
880 2816 1067 2898 cineritios,
1089 2825 1138 2890 fu·
1183 2897 1185 2912 Ι

171 2927 261 2983 scus,
284 2908 407 2984 viridis,
422 2909 588 2974 subviridis
604 2957 613 2986 ,
636 2914 787 2995 perlatus,
803 2931 929 2994 aureus,
952 2937 987 2980 ac
1002 2923 1137 2988 russeus.

169 3005 333 3081 Ejusmodi
355 3025 414 3070 ova
433 3007 573 3091 reperire
594 3025 641 3072 est
660 3026 704 3072 sat
724 3009 829 3075 vicina
856 3033 913 3077 suo
936 3012 1072 3100 pabulo,
1094 3017 1135 3083 de

169 3125 231 3188 quo
252 3096 455 3188 prorepentes
475 3102 564 3168 larvae
584 3101 732 3170 alimenta
750 3104 917 3174 hauriunt:
938 3113 1136 3196 reperiuntur

170 3200 354 3281 agglutinata
377 3199 493 3264 arboris
516 3200 654 3276 cortici,
684 3203 885 3286 superficiei,
920 3209 971 3270 vel
992 3207 1137 3278 inferiori

172 3297 289 3379 pagine
309 3295 469 3372 cuiusdam
490 3291 586 3372 folii,
606 3297 658 3359 vel
680 3298 807 3362 cuidam
827 3320 914 3364 ramo
935 3303 969 3365 in
990 3323 1066 3380 una,
1085 3309 1140 3377 vel

169 3395 343 3478 multiplici
369 3390 451 3460 setie
480 3394 688 3458 circumcirca
720 3398 912 3476 agglutinata.
945 3399 1031 3466 Turn
1059 3419 1136 3470 vero

171 3509 281 3555 cortex
293 3478 368 3554 'leni
389 3507 483 3556 manu
504 3493 542 3556 ab
563 3492 671 3556 arbore
688 3512 775 3556 caute
790 3495 943 3572 abstrahi,
963 3499 1133 3564 veleamus

171 3587 335 3664 abscindi,
369 3589 483 3674 hicque
515 3589 602 3654 domi
627 3591 746 3655 invase
771 3613 846 3677 aqua
866 3597 960 3679 pleno
988 3597 1136 3660 asservati

171 3702 299 3770 potest,
321 3704 354 3748 ut
372 3708 431 3751 suo
452 3707 596 3772 tempore
619 3690 700 3752 larva
719 3709 760 3754 en
788 3709 849 3755 oto
876 3693 1027 3768 exclusa,
1048 3693 1138 3756 cerni

169 3783 281 3849 valcas.
316 3783 350 3848 ld
382 3804 459 3852 veto
487 3787 667 3877 quandoque
703 3787 793 3866 cito,
828 3789 1009 3874 quandoque
1036 3788 1137 3854 serius
