2872 4810
586 449 603 543 ζ
617 461 706 548 xttt)
780 476 783 482 ’

163 571 315 646 includit,
334 573 385 634 vel
412 573 517 636 subtus
543 571 656 635 terram
685 572 853 638 abscondit.
880 571 1023 641 Visibilis
1050 594 1125 662 prta·

150 669 279 752 ¹paratio
308 669 341 731 lit
368 669 400 730 in
422 669 591 743 asseribus,
621 669 743 743 muris,
762 672 905 734 arborum
919 677 1128 760 ramusculis,
1148 699 1168 731 a

164 783 294 847 semper
315 783 418 828 tamen
439 767 593 830 sollicitet
610 765 668 828 sibi
693 786 863 848 praecavent
885 785 990 831 contra
1006 765 1165 854 tempe-⁸

162 879 264 925 states.
285 855 456 927 Invisibilis
483 881 559 926 vero
586 865 762 946 preparatio
785 866 821 929 ad
851 868 928 930 hanc
956 885 1127 932 metamor·

161 957 289 1042 phosim
309 981 397 1043 supra
418 979 519 1022 tertam
535 960 598 1040 fit,
627 960 678 1022 vcl
698 962 734 1022 ad
758 961 876 1026 radices
896 963 1059 1038 arborum,
1074 964 1126 1028 vel

155 1053 196 1116 'in
224 1074 330 1118 earum
350 1057 573 1131 foraminibus,
600 1057 651 1118 vel
666 1057 809 1120 arborum
830 1059 946 1124 fissuris
960 1059 993 1122 in
1015 1061 1126 1124 medio

103 1209 106 1220 ,
160 1150 332 1224 foliorum3
366 1154 400 1214 in
433 1153 529 1218 hortis
566 1173 666 1226 vero,
708 1154 741 1214 in
776 1156 912 1230 statuis,
942 1157 1123 1234 asseribus,

110 1246 114 1253 ’
157 1248 318 1320 scamnis,
347 1265 379 1309 et
397 1249 494 1312 muris
513 1251 597 1333 quasi
618 1251 753 1332 quodam
776 1253 926 1331 operculo
947 1255 1050 1317 textis.
1073 1256 1126 1318 ln·

157 1346 294 1410 visibilis
314 1363 418 1408 autem
437 1351 531 1407 subtus
553 1364 654 1406 terram
672 1347 857 1428 plerumque
876 1347 910 1406 fit
935 1365 997 1408 non
1015 1349 1126 1429 procul

159 1463 179 1507 a
206 1443 325 1522 planta,
353 1443 404 1504 cul
426 1441 561 1506 insidere
581 1441 743 1505 consuevit
761 1441 794 1500 in
814 1439 948 1522 quodam
969 1441 1127 1510 levidensi

160 1551 178 1594 a
213 1538 343 1618 petrosis
372 1557 492 1612 vacuo,
511 1558 570 1600 nec
597 1538 752 1602 radicibus
784 1539 886 1604 obsito
919 1539 1026 1603 fundo.
1063 1541 1125 1608 llltt

157 1627 262 1692 Laruas
280 1653 344 1713 quaa
362 1633 421 1696 sibi
442 1634 620 1699 folliculum
648 1635 841 1711 conficiunt,
865 1637 901 1700 ad
929 1635 1021 1700 illum
1048 1657 1126 1700 con·

155 1721 329 1788 ficiendum
347 1747 473 1792 utuntur
494 1732 622 1814 proprio
643 1752 700 1795 suo
728 1731 802 1807 filo,
817 1733 899 1815 quod
922 1752 962 1796 ex
989 1734 1125 1817 quodam

155 1819 264 1884 loculo
292 1821 476 1891 immediate
503 1831 610 1894 subtus
639 1849 674 1894 os
691 1830 806 1913 'posito
835 1831 1006 1896 extrahunt.
1036 1832 1126 1896 Non.

155 1925 249 1990 nullae
276 1929 487 1994 commiscent
515 1931 617 1992 crlnes
638 1947 736 2002 suos,
762 1926 828 1990 aliaa
847 1927 981 1988 minima
1004 1946 1125 1994 corrasa

157 2016 236 2100 ligni
272 2043 455 2106 segmenta,
492 2027 557 2090 aliar
596 2044 672 2088 vero
714 2039 802 2087 terre
838 2023 1025 2106 particulas:
1060 2025 1126 2092 alia

160 2134 291 2182 omnem
314 2123 531 2187 humiditatem
552 2137 723 2204 respuuutt
751 2120 816 2182 aliae
844 2139 932 2182 suam
960 2119 1123 2188 aediculam

160 2214 294 2293 quodam
315 2220 414 2285 tenaci
436 2240 533 2283 succo
567 2216 771 2298 agglutinant.¹
784 2216 977 2284 Folliculurn
1006 2235 1052 2280 est
1072 2233 1124 2296 vel

160 2309 318 2388 densum,
339 2317 391 2380 vel
421 2317 543 2390 molle,
573 2313 776 2398 potissimum
798 2315 910 2387 ovale,
939 2313 1056 2386 album,
1070 2315 1125 2378 fla·

160 2425 312 2490 vescens,
328 2417 485 2495 griseum,
499 2414 549 2477 vel
572 2414 707 2476 fuscum.
721 2413 833 2486 Lama,
849 2429 958 2493 quaese
973 2407 1124 2476 subterra

164 2511 377 2588 abscondunt,
412 2511 472 2575 sibi
514 2511 601 2572 ovale
638 2508 778 2572 loculum
816 2525 1023 2590 construunt,
1063 2511 1143 2586 tela,

163 2607 375 2682 circumdant,
399 2611 449 2672 vel
478 2627 511 2671 se
538 2627 571 2670 se
605 2607 639 2668 itt
675 2606 781 2668 densas
807 2605 950 2684 lanugine
980 2607 1126 2672 obductas

157 2713 248 2767 terras
264 2707 399 2768 cortices
420 2703 583 2765 includunt
620 2703 713 2765 Facta
739 2702 796 2762 hae
817 2700 1033 2782 preparatione
1061 2705 1127 2766 ani·

160 2799 335 2868 malculum
355 2798 505 2879 quiescit,
527 2815 714 2870 attenuatur,
738 2813 769 2858 et
782 2797 916 2859 evolutis
930 2798 1046 2880 aliquot
1059 2799 1128 2862 die.

158 2901 217 2964 bus
240 2919 280 2960 ex
301 2899 403 2961 Laruas
416 2895 541 2958 cervice
557 2893 749 2978 prorumpit,
764 2892 869 2975 prodit
884 2893 985 2975 Pupa,
1007 2915 1125 2978 suoque

161 3013 248 3060 motu
272 3012 378 3056 cutem
393 3013 409 3054 a
423 3011 456 3056 se
470 2993 615 3074 proiicit,
631 3012 665 3054 ea
678 3011 783 3055 tamen
798 3011 860 3053 non
873 3009 1000 3074 semper
1014 2992 1127 3066 absara.

158 3093 252 3160 hltur.
267 3094 348 3173 Pupa
360 3107 447 3162 vero,
458 3089 678 3171 sequrysalis
690 3105 738 3152 est
752 3074 864 3151 eduum
878 3088 1002 3162 durum,
1017 3089 1127 3174 inquo

159 3191 308 3275 proxime
329 3189 501 3252 nasciturus
515 3188 639 3276 'Papilio
661 3207 719 3251 ceu
742 3188 841 3250 infans
861 3187 894 3249 in
910 3187 1012 3262 cunis,
1038 3191 1127 3254 etfa-

158 3289 235 3362 ¹sciis
257 3289 354 3360 lacet,
379 3286 549 3350 etsensim
571 3277 755 3348 efformatur.
777 3285 893 3348 Eadem
909 3285 992 3367 Pupa
1012 3286 1123 3352 estve!
1209 3333 1211 3340 ,

160 3386 268 3470 plana,
289 3385 340 3446 vel
361 3383 505 3465 hispida,
526 3381 665 3445 flexuosa
680 3427 690 3455 ,
705 3401 814 3464 parurn
830 3399 1027 3465 compressa,
1049 3401 1125 3444 con-

156 3499 244 3546 'vexo
259 3484 361 3564 plana,
382 3481 434 3542 vel
456 3481 619 3561 angularis.
638 3479 739 3562 Caput
758 3497 835 3540 vero
856 3480 890 3542 ln
911 3496 1043 3542 acumen
1068 3478 1123 3540 de.

106 3571 108 3580 ’
161 3577 283 3653 sinens,
304 3579 355 3640 vel
378 3578 548 3649 obtusum,
570 3576 624 3644 vel
651 3577 752 3637 ferme
780 3574 957 3638 rotundum.
991 3573 1123 3648 Jamjaua

152 3689 194 3738 ae
208 3673 311 3754 prodit
324 3663 400 3736 sitris
415 3673 798 3739 oculorum,antcnnarum
807 3668 977 3752 linguaque
989 3671 1122 3752 spiraha,

153 3768 233 3848 into
252 3785 285 3831 et
302 3769 574 3856 alarum..corpus
591 3766 625 3830 in
644 3784 806 3852 segmenta
827 3766 968 3836 divisum
987 3781 1123 3834 ertattta
