2872 4810
709 493 713 500 .
750 420 849 514 (itur)

319 549 460 616 blaesum
480 545 698 632 pulcherrima
721 549 813 623 visu,
838 545 906 610 sive
936 533 1043 604 carnin
1069 533 1188 615 ¹eolor,
1218 537 1291 606 sive

319 646 508 710 lineamenta
542 645 800 710 considerentur:
834 643 861 706 si
890 638 988 720 digito
1022 655 1209 718 tanguntur,
1244 638 1292 706 nil

319 742 381 806 nisi
404 743 569 826 pulverem
587 742 804 826 splendentem
828 733 1034 821 deprehendis
1055 733 1155 796 oculis
1176 732 1289 806 nudis3

318 837 348 899 si
377 855 481 900 autent
516 839 769 920 microscopium
798 835 957 920 applicas,
993 829 1083 892 vides
1116 827 1289 912 quamlibet

320 936 401 1014 ,lam
416 933 518 1016 parvis
540 933 775 1014 splendentibus
794 927 1066 1010 multicoloribus,
1089 942 1120 987 et
1140 945 1197 1020 pro
1218 943 1291 1022 spe·

319 1031 442 1094 eierum
471 1028 648 1092 diversitate
677 1029 809 1092 diversis
836 1024 1009 1090 imbricatis
1036 1024 1171 1105 squamis
1200 1044 1292 1104 regu-

319 1121 426 1191 lariter
448 1141 594 1188 ornatam.
606 1121 687 1188 Hac
705 1124 758 1188 alat
775 1141 846 1188 sunt
859 1124 909 1184 vel
928 1123 1007 1200 lata,
1022 1120 1074 1181 vel
1096 1137 1184 1210 arena
1198 1116 1290 1196 ‚lan-

321 1223 464 1295 eeolatae,
484 1221 629 1295 rotundae,
645 1223 839 1297 falcatae,vel
853 1219 989 1284 dentatae.
1010 1219 1162 1310 involatu
1178 1236 1291 1281 eorum

320 1334 426 1384 motus
441 1335 487 1381 est
499 1318 654 1401 inaequalis
669 1364 679 1394 ,
695 1321 814 1384 volatus
835 1318 924 1380 enim
939 1333 986 1379 est
999 1315 1073 1378 ideo
1088 1313 1289 1400 interruptus>

317 1430 409 1499 etque
431 1416 586 1491 incertus,
607 1433 641 1479 ut
657 1416 785 1479 dextere
800 1417 893 1482 alatos
916 1433 988 1478 suos
1008 1413 1112 1475 hostes
1131 1410 1290 1472 declinare

319 1515 449 1576 valeant.
471 1513 503 1576 Si
531 1513 697 1594 quiescunt
716 1531 792 1576 tunc
815 1513 868 1576 alra
887 1526 959 1575 sunt
980 1509 1032 1574 vel
1060 1507 1292 1583 conniventes,

320 1607 447 1692 patula,
469 1607 621 1682 deflexae,
650 1609 700 1670 vel
723 1628 863 1691 reversa.
1139 1599 1143 1604 ⁵

360 1702 484 1788 Corpus
506 1721 556 1768 est
587 1705 620 1766 in
648 1723 810 1786 segmenta
838 1705 1067 1780 divisum,ch
1092 1703 1287 1786 rotundum,

318 1798 372 1860 vel
396 1799 536 1882 patulum
551 1845 560 1874 ‚
575 1801 609 1862 in
623 1821 755 1864 acumen
773 1803 919 1867 desinens
935 1848 944 1877 ‚
967 1802 1136 1874 obtusum,
1153 1797 1192 1862 'et
1205 1798 1293 1882 quasi

318 1901 389 1963 lana
408 1895 501 1957 densa
522 1896 802 1964 circumvolutum.
823 1901 922 1964 Sexus
939 1897 1100 1962 diversitas
1123 1885 1157 1958 in
1179 1887 1290 1978 aliqui·

319 1991 378 2056 bus
401 2009 441 2054 ert
470 1993 674 2056 crassitudine
696 1991 905 2075 dignoscitur,
918 1994 1013 2067 adeo,
1030 2012 1064 2056 ut
1084 1995 1224 2058 formella
1251 1991 1292 2056 sit

319 2087 446 2163 major:
468 2087 502 2150 in
529 2090 597 2156 aliis
621 2107 697 2153 vero
713 2110 753 2154 ex
774 2091 918 2165 colorum
941 2089 1118 2152 diversitate
1138 2091 1288 2178 noscitur,

320 2186 354 2248 in
377 2187 445 2250 aliis
472 2175 594 2269 quoque
617 2207 657 2250 ex
680 2189 820 2250 crassitie
844 2191 894 2252 vel
917 2187 1063 2252 tenuitate
1094 2188 1235 2270 corporis
1255 2189 1289 2252 in

321 2281 390 2344 aliis
411 2300 451 2342 err
473 2283 672 2364 superiorum
696 2302 802 2348 earum
823 2287 940 2348 alarum
961 2286 1055 2346 latere
1075 2285 1200 2367 corpori
1217 2305 1289 2367 pro-

319 2376 411 2440 xime
439 2375 531 2440 affixo
559 2395 618 2440 etc.
640 2397 697 2461 per
719 2381 785 2455 eju's
805 2381 986 2462 oblongam,
1007 2397 1096 2465 atque
1118 2382 1290 2444 admodum

316 2471 430 2540 ‘duram
457 2490 657 2555 aperturam,
685 2475 809 2558 hispido
842 2479 933 2541 crine
976 2477 1158 2549 munitam,
1182 2479 1288 2540 obser-

319 2587 409 2632 vatur
428 2568 462 2630 in
489 2569 600 2631 intima
619 2573 836 2634 tantummodo
859 2573 1046 2635 inferiorum
1061 2574 1175 2634 alarum
1192 2587 1288 2654 parte',

319 2683 377 2733 seu
398 2666 494 2728 radici
515 2685 621 2730 earum
640 2668 778 2731 firmiter
791 2669 1011 2751 agglutinatus,
1027 2655 1170 2750 opposita
1183 2665 1288 2736 autern
1367 2671 1369 2682 ⁴

321 2783 440 2850 parte,
477 2765 611 2849 poenitus
653 2767 735 2830 liber
756 2787 866 2850 parvus
900 2786 1033 2840 uncus,
1064 2768 1176 2828 adeout
1211 2767 1286 2830 dunt
1405 2759 1406 2782 ¹

320 2859 440 2944 Papilio
466 2864 644 2946 superiores
666 2867 734 2927 suas
754 2863 903 2946 expandit
919 2864 998 2937 alas,
1014 2862 1175 2946 praedictus
1192 2864 1289 2926 erinis

318 2960 428 3025 stricte
451 2960 525 3022 huic
553 2961 699 3024 adhereat
733 2959 852 3032 nocui,
884 2977 915 3021 et
941 2960 1000 3022 iste
1029 2979 1112 3022 nunc
1140 2953 1284 3024 medium

275 3129 277 3135 Ι
317 3071 406 3116 nunc
434 3073 614 3118 extremum
643 3057 738 3120 crinis
767 3057 990 3140 amplectatur;
1026 3073 1058 3117 et
1091 3056 1143 3117 hic
1169 3054 1288 3138 Papilio

318 3168 451 3234 semper
473 3169 519 3213 est
541 3152 708 3214 masculus.
726 3154 761 3218 In
778 3153 853 3218 aliis
873 3153 1086 3244 Papilionibus
1101 3173 1167 3216 mas
1187 3154 1288 3238 pecti·

319 3264 424 3335 natas,
446 3265 502 3310 seu
517 3247 671 3332 pinnatae,
686 3267 717 3311 et
729 3250 867 3312 foemella
881 3267 1015 3314 setaceas
1031 3269 1173 3314 antennas
1188 3251 1286 3316 lrabet.

321 3343 474 3410 Nonnulli
510 3343 687 3427 Papiliones
709 3345 742 3406 in
765 3344 817 3408 die
840 3346 1011 3429 praesertim
1040 3349 1106 3412 sole
1136 3349 1287 3428 lucente,

321 3455 355 3502 et
379 3457 473 3502 vento
502 3441 683 3523 quiescente
717 3444 839 3530 volant,
867 3461 899 3506 et
918 3443 952 3504 in
978 3443 1158 3506 florentibus
1193 3434 1288 3526 pratis

320 3535 477 3622 precipue
505 3538 562 3600 st'rb
584 3555 692 3602 octava
712 3540 786 3604 hora
817 3541 986 3616 matutina,
1009 3560 1079 3628 rore
1108 3557 1164 3622 per
1183 3540 1287 3606 solent

321 3631 499 3706 exsiccato,
522 3652 616 3716 usque
639 3635 676 3722 ad
702 3639 826 3698 tertiam
855 3637 905 3708 uel
932 3655 1069 3718 quartam
1096 3638 1203 3702 horam
1230 3629 1314 3700 uei·

313 3744 412 3814 spere
431 3729 636 3813 reperiuntur,
661 3731 821 3811 Potissimi
840 3733 968 3810 floribus
989 3727 1151 3812 insident,
1180 3728 1235 3802 alii
1253 3734 1288 3800 in

558 3993 567 4020 ⁴
