<?xml version="1.0" encoding="UTF-8"?>
<!DOCTYPE html PUBLIC "-//W3C//DTD XHTML 1.0 Transitional//EN"
    "http://www.w3.org/TR/xhtml1/DTD/xhtml1-transitional.dtd">
<html xmlns="http://www.w3.org/1999/xhtml" xml:lang="en" lang="en">
 <head>
  <title>
</title>
<meta http-equiv="Content-Type" content="text/html;charset=utf-8" />
  <meta name='ocr-system' content='tesseract 3.04.00' />
  <meta name='ocr-capabilities' content='ocr_page ocr_carea ocr_par ocr_line ocrx_word'/>
</head>
<body>
  <div class='ocr_page' id='page_1' title='image "./lepidopterapede00prungoog_0017.png"; bbox 0 0 2872 4810; ppageno 0'>
   <div class='ocr_carea' id='block_1_1' title="bbox 206 471 1297 3882">
    <p class='ocr_par' dir='ltr' id='par_1_1' title="bbox 206 471 1297 3882">
     <span class='ocr_line' id='line_1_1' title="bbox 737 471 819 568; baseline 0 0"><span class='ocrx_word' id='word_1_1' title='bbox 737 471 755 568; x_wconf 86' lang='lat' dir='ltr'><strong>l</strong></span> <span class='ocrx_word' id='word_1_2' title='bbox 766 473 819 568; x_wconf 57' lang='grc' dir='ltr'><strong>κ)</strong></span> 
     </span>
     <span class='ocr_line' id='line_1_2' title="bbox 295 583 1260 674; baseline 0.002 -20"><span class='ocrx_word' id='word_1_3' title='bbox 295 583 434 671; x_wconf 74' lang='lat' dir='ltr'><strong>deniqne</strong></span> <span class='ocrx_word' id='word_1_4' title='bbox 445 587 513 654; x_wconf 72' lang='lat' dir='ltr'><strong>alle</strong></span> <span class='ocrx_word' id='word_1_5' title='bbox 526 588 650 654; x_wconf 82' lang='lat' dir='ltr'><strong>nonnIsi</strong></span> <span class='ocrx_word' id='word_1_6' title='bbox 665 585 786 655; x_wconf 80' lang='lat' dir='ltr'><strong>vicinis</strong></span> <span class='ocrx_word' id='word_1_7' title='bbox 799 605 968 656; x_wconf 86' lang='lat' dir='ltr'><strong>vescuntur</strong></span> <span class='ocrx_word' id='word_1_8' title='bbox 977 585 1101 671; x_wconf 80' lang='lat' dir='ltr'><strong>plantis3</strong></span> <span class='ocrx_word' id='word_1_9' title='bbox 1122 587 1260 674; x_wconf 66' lang='lat' dir='ltr'><strong>quadan</strong></span> 
     </span>
     <span class='ocr_line' id='line_1_3' title="bbox 291 684 1260 770; baseline 0.008 -26"><span class='ocrx_word' id='word_1_10' title='bbox 291 684 393 748; x_wconf 83' lang='lat' dir='ltr'><strong>etiam</strong></span> <span class='ocrx_word' id='word_1_11' title='bbox 413 685 497 768; x_wconf 86' lang='lat' dir='ltr'><strong>ligna</strong></span> <span class='ocrx_word' id='word_1_12' title='bbox 516 704 631 751; x_wconf 87' lang='lat' dir='ltr'><strong>vorant.</strong></span> <span class='ocrx_word' id='word_1_13' title='bbox 656 687 762 754; x_wconf 73' lang='lat' dir='ltr'><strong>Multa</strong></span> <span class='ocrx_word' id='word_1_14' title='bbox 781 705 852 754; x_wconf 88' lang='lat' dir='ltr'><strong>sunt</strong></span> <span class='ocrx_word' id='word_1_15' title='bbox 871 689 988 762; x_wconf 73' lang='lat' dir='ltr'><strong>Larua,</strong></span> <span class='ocrx_word' id='word_1_16' title='bbox 1009 705 1075 770; x_wconf 76' lang='lat' dir='ltr'><strong>qua</strong></span> <span class='ocrx_word' id='word_1_17' title='bbox 1101 686 1260 752; x_wconf 79' lang='lat' dir='ltr'><strong>dumtaxat</strong></span> 
     </span>
     <span class='ocr_line' id='line_1_4' title="bbox 294 781 1259 869; baseline 0.01 -26"><span class='ocrx_word' id='word_1_18' title='bbox 294 781 426 861; x_wconf 83' lang='lat' dir='ltr'><strong>quadam</strong></span> <span class='ocrx_word' id='word_1_19' title='bbox 451 783 559 868; x_wconf 76' lang='lat' dir='ltr'><strong>planta</strong></span> <span class='ocrx_word' id='word_1_20' title='bbox 583 783 717 868; x_wconf 87' lang='lat' dir='ltr'><strong>speeie,</strong></span> <span class='ocrx_word' id='word_1_21' title='bbox 752 787 786 850; x_wconf 92' lang='lat' dir='ltr'><strong>in</strong></span> <span class='ocrx_word' id='word_1_22' title='bbox 814 805 872 869; x_wconf 89' lang='lat' dir='ltr'><strong>qna</strong></span> <span class='ocrx_word' id='word_1_23' title='bbox 905 785 1039 866; x_wconf 90' lang='lat' dir='ltr'><strong>degunt,</strong></span> <span class='ocrx_word' id='word_1_24' title='bbox 1068 801 1259 854; x_wconf 84' lang='lat' dir='ltr'><strong>vescuntur:</strong></span> 
     </span>
     <span class='ocr_line' id='line_1_5' title="bbox 294 879 1262 966; baseline 0.004 -22"><span class='ocrx_word' id='word_1_25' title='bbox 294 879 400 945; x_wconf 80' lang='lat' dir='ltr'><strong>Plures</strong></span> <span class='ocrx_word' id='word_1_26' title='bbox 428 882 523 946; x_wconf 88' lang='lat' dir='ltr'><strong>etiam</strong></span> <span class='ocrx_word' id='word_1_27' title='bbox 557 884 724 946; x_wconf 83' lang='lat' dir='ltr'><strong>Larvarutn</strong></span> <span class='ocrx_word' id='word_1_28' title='bbox 753 884 879 966; x_wconf 89' lang='lat' dir='ltr'><strong>species</strong></span> <span class='ocrx_word' id='word_1_29' title='bbox 905 881 1065 944; x_wconf 75' lang='lat' dir='ltr'><strong>dumtaxat</strong></span> <span class='ocrx_word' id='word_1_30' title='bbox 1096 881 1197 944; x_wconf 88' lang='lat' dir='ltr'><strong>semel</strong></span> <span class='ocrx_word' id='word_1_31' title='bbox 1224 880 1262 948; x_wconf 79' lang='lat' dir='ltr'><strong>in</strong></span> 
     </span>
     <span class='ocr_line' id='line_1_6' title="bbox 295 977 1261 1061; baseline 0.003 -20"><span class='ocrx_word' id='word_1_32' title='bbox 295 997 401 1052; x_wconf 87' lang='lat' dir='ltr'><strong>anno,</strong></span> <span class='ocrx_word' id='word_1_33' title='bbox 424 981 528 1061; x_wconf 88' lang='lat' dir='ltr'><strong>plures</strong></span> <span class='ocrx_word' id='word_1_34' title='bbox 555 981 589 1042; x_wconf 90' lang='lat' dir='ltr'><strong>in</strong></span> <span class='ocrx_word' id='word_1_35' title='bbox 608 997 701 1051; x_wconf 90' lang='lat' dir='ltr'><strong>vere,</strong></span> <span class='ocrx_word' id='word_1_36' title='bbox 731 994 762 1040; x_wconf 90' lang='lat' dir='ltr'><strong>et</strong></span> <span class='ocrx_word' id='word_1_37' title='bbox 783 1000 886 1044; x_wconf 89' lang='lat' dir='ltr'><strong>rursus</strong></span> <span class='ocrx_word' id='word_1_38' title='bbox 908 977 943 1040; x_wconf 90' lang='lat' dir='ltr'><strong>in</strong></span> <span class='ocrx_word' id='word_1_39' title='bbox 963 995 1132 1050; x_wconf 70' lang='lat' dir='ltr'><strong>autumnat</strong></span> <span class='ocrx_word' id='word_1_40' title='bbox 1154 977 1261 1061; x_wconf 75' lang='lat' dir='ltr'><strong>aliquas</strong></span> 
     </span>
     <span class='ocr_line' id='line_1_7' title="bbox 294 1070 1262 1154; baseline 0.001 -16"><span class='ocrx_word' id='word_1_41' title='bbox 294 1070 331 1138; x_wconf 84' lang='lat' dir='ltr'><strong>in</strong></span> <span class='ocrx_word' id='word_1_42' title='bbox 350 1074 495 1140; x_wconf 88' lang='lat' dir='ltr'><strong>arborum</strong></span> <span class='ocrx_word' id='word_1_43' title='bbox 518 1077 681 1154; x_wconf 75' lang='lat' dir='ltr'><strong>revomis,</strong></span> <span class='ocrx_word' id='word_1_44' title='bbox 702 1075 753 1140; x_wconf 92' lang='lat' dir='ltr'><strong>ucl</strong></span> <span class='ocrx_word' id='word_1_45' title='bbox 774 1077 832 1138; x_wconf 89' lang='lat' dir='ltr'><strong>sub</strong></span> <span class='ocrx_word' id='word_1_46' title='bbox 853 1075 1019 1138; x_wconf 79' lang='lat' dir='ltr'><strong>exsiccatis</strong></span> <span class='ocrx_word' id='word_1_47' title='bbox 1044 1074 1151 1150; x_wconf 83' lang='lat' dir='ltr'><strong>foliis,</strong></span> <span class='ocrx_word' id='word_1_48' title='bbox 1172 1073 1262 1139; x_wconf 80' lang='lat' dir='ltr'><strong>arbo.</strong></span> 
     </span>
     <span class='ocr_line' id='line_1_8' title="bbox 292 1166 1263 1260; baseline -0.004 -20"><span class='ocrx_word' id='word_1_49' title='bbox 292 1189 426 1254; x_wconf 88' lang='lat' dir='ltr'><strong>rumque</strong></span> <span class='ocrx_word' id='word_1_50' title='bbox 447 1173 578 1250; x_wconf 82' lang='lat' dir='ltr'><strong>fixuris,</strong></span> <span class='ocrx_word' id='word_1_51' title='bbox 599 1173 650 1236; x_wconf 88' lang='lat' dir='ltr'><strong>vel</strong></span> <span class='ocrx_word' id='word_1_52' title='bbox 669 1173 704 1236; x_wconf 88' lang='lat' dir='ltr'><strong>in</strong></span> <span class='ocrx_word' id='word_1_53' title='bbox 724 1191 804 1238; x_wconf 86' lang='lat' dir='ltr'><strong>terra</strong></span> <span class='ocrx_word' id='word_1_54' title='bbox 825 1171 984 1260; x_wconf 76' lang='lat' dir='ltr'><strong>arboribus</strong></span> <span class='ocrx_word' id='word_1_55' title='bbox 1005 1170 1127 1248; x_wconf 86' lang='lat' dir='ltr'><strong>vicina,</strong></span> <span class='ocrx_word' id='word_1_56' title='bbox 1147 1166 1199 1234; x_wconf 74' lang='lat' dir='ltr'><strong>v‘el</strong></span> <span class='ocrx_word' id='word_1_57' title='bbox 1226 1171 1263 1236; x_wconf 88' lang='lat' dir='ltr'><strong>in</strong></span> 
     </span>
     <span class='ocr_line' id='line_1_9' title="bbox 294 1268 1297 1352; baseline 0.005 -24"><span class='ocrx_word' id='word_1_58' title='bbox 294 1268 521 1351; x_wconf 65' lang='lat' dir='ltr'><strong>complicatis,</strong></span> <span class='ocrx_word' id='word_1_59' title='bbox 543 1288 575 1334; x_wconf 92' lang='lat' dir='ltr'><strong>et</strong></span> <span class='ocrx_word' id='word_1_60' title='bbox 594 1271 656 1333; x_wconf 89' lang='lat' dir='ltr'><strong>tela</strong></span> <span class='ocrx_word' id='word_1_61' title='bbox 676 1269 839 1344; x_wconf 88' lang='lat' dir='ltr'><strong>obductis,</strong></span> <span class='ocrx_word' id='word_1_62' title='bbox 861 1269 982 1352; x_wconf 89' lang='lat' dir='ltr'><strong>filisque</strong></span> <span class='ocrx_word' id='word_1_63' title='bbox 1003 1269 1180 1332; x_wconf 89' lang='lat' dir='ltr'><strong>ramusculo</strong></span> <span class='ocrx_word' id='word_1_64' title='bbox 1210 1287 1263 1349; x_wconf 87' lang='lat' dir='ltr'><strong>ag·</strong></span> <span class='ocrx_word' id='word_1_65' title='bbox 1295 1347 1297 1350; x_wconf 80' lang='lat'>.</span> 
     </span>
     <span class='ocr_line' id='line_1_10' title="bbox 294 1361 1262 1451; baseline 0.005 -28"><span class='ocrx_word' id='word_1_66' title='bbox 294 1361 454 1442; x_wconf 78' lang='lat' dir='ltr'><strong>glutinatis</strong></span> <span class='ocrx_word' id='word_1_67' title='bbox 473 1367 626 1432; x_wconf 81' lang='lat' dir='ltr'><strong>folliculis</strong></span> <span class='ocrx_word' id='word_1_68' title='bbox 645 1367 797 1451; x_wconf 82' lang='lat' dir='ltr'>hyemem</span> <span class='ocrx_word' id='word_1_69' title='bbox 818 1366 998 1446; x_wconf 85' lang='lat' dir='ltr'><strong>transigunt.</strong></span> <span class='ocrx_word' id='word_1_70' title='bbox 1018 1364 1065 1426; x_wconf 83' lang='lat' dir='ltr'><strong>Ex</strong></span> <span class='ocrx_word' id='word_1_71' title='bbox 1085 1381 1160 1428; x_wconf 86' lang='lat' dir='ltr'><strong>tneo</strong></span> <span class='ocrx_word' id='word_1_72' title='bbox 1181 1379 1262 1428; x_wconf 86' lang='lat' dir='ltr'><strong>cata.</strong></span> 
     </span>
     <span class='ocr_line' id='line_1_11' title="bbox 293 1459 1261 1545; baseline 0.007 -23"><span class='ocrx_word' id='word_1_73' title='bbox 293 1459 387 1539; x_wconf 86' lang='lat' dir='ltr'><strong>logo,</strong></span> <span class='ocrx_word' id='word_1_74' title='bbox 407 1464 461 1545; x_wconf 87' lang='lat' dir='ltr'><strong>qui</strong></span> <span class='ocrx_word' id='word_1_75' title='bbox 483 1485 590 1529; x_wconf 88' lang='lat' dir='ltr'><strong>nostro</strong></span> <span class='ocrx_word' id='word_1_76' title='bbox 612 1465 733 1528; x_wconf 87' lang='lat' dir='ltr'><strong>climati</strong></span> <span class='ocrx_word' id='word_1_77' title='bbox 751 1466 808 1528; x_wconf 86' lang='lat' dir='ltr'><strong>vir</strong></span> <span class='ocrx_word' id='word_1_78' title='bbox 826 1482 890 1526; x_wconf 91' lang='lat' dir='ltr'><strong>non</strong></span> <span class='ocrx_word' id='word_1_79' title='bbox 911 1481 951 1524; x_wconf 83' lang='lat' dir='ltr'><strong>ex</strong></span> <span class='ocrx_word' id='word_1_80' title='bbox 964 1461 1086 1541; x_wconf 88' lang='lat' dir='ltr'><strong>integro</strong></span> <span class='ocrx_word' id='word_1_81' title='bbox 1099 1477 1261 1529; x_wconf 70' lang='lat' dir='ltr'><strong>consonat·</strong></span> 
     </span>
     <span class='ocr_line' id='line_1_12' title="bbox 293 1559 1262 1647; baseline 0.003 -27"><span class='ocrx_word' id='word_1_82' title='bbox 293 1573 451 1642; x_wconf 86' lang='lat' dir='ltr'><strong>quemque</strong></span> <span class='ocrx_word' id='word_1_83' title='bbox 465 1562 503 1625; x_wconf 90' lang='lat' dir='ltr'><strong>ad</strong></span> <span class='ocrx_word' id='word_1_84' title='bbox 517 1563 639 1626; x_wconf 86' lang='lat' dir='ltr'><strong>calcem</strong></span> <span class='ocrx_word' id='word_1_85' title='bbox 659 1579 815 1638; x_wconf 83' lang='lat' dir='ltr'><strong>annecto,</strong></span> <span class='ocrx_word' id='word_1_86' title='bbox 836 1561 932 1626; x_wconf 88' lang='lat' dir='ltr'><strong>lidum</strong></span> <span class='ocrx_word' id='word_1_87' title='bbox 947 1559 1100 1647; x_wconf 72' lang='lat' dir='ltr'><strong>prostabit</strong></span> <span class='ocrx_word' id='word_1_88' title='bbox 1110 1559 1262 1624; x_wconf 89' lang='lat' dir='ltr'><strong>manudu-</strong></span> 
     </span>
     <span class='ocr_line' id='line_1_13' title="bbox 297 1667 433 1720; baseline 0.044 -9"><span class='ocrx_word' id='word_1_89' title='bbox 297 1667 433 1720; x_wconf 87' lang='lat' dir='ltr'><strong>ctorem.</strong></span> 
     </span>
     <span class='ocr_line' id='line_1_14' title="bbox 206 1747 1265 1838; baseline 0.004 -26"><span class='ocrx_word' id='word_1_90' title='bbox 206 1749 208 1754; x_wconf 78' lang='grc'>’</span> <span class='ocrx_word' id='word_1_91' title='bbox 336 1747 505 1818; x_wconf 86' lang='lat' dir='ltr'><strong>Larvarutn</strong></span> <span class='ocrx_word' id='word_1_92' title='bbox 525 1774 610 1820; x_wconf 85' lang='lat' dir='ltr'><strong>arma</strong></span> <span class='ocrx_word' id='word_1_93' title='bbox 629 1771 701 1820; x_wconf 91' lang='lat' dir='ltr'><strong>sunt</strong></span> <span class='ocrx_word' id='word_1_94' title='bbox 720 1756 771 1820; x_wconf 91' lang='lat' dir='ltr'><strong>vel</strong></span> <span class='ocrx_word' id='word_1_95' title='bbox 791 1754 855 1819; x_wconf 90' lang='lat' dir='ltr'><strong>duo</strong></span> <span class='ocrx_word' id='word_1_96' title='bbox 875 1753 986 1818; x_wconf 88' lang='lat' dir='ltr'><strong>mollia</strong></span> <span class='ocrx_word' id='word_1_97' title='bbox 1005 1754 1176 1830; x_wconf 84' lang='lat' dir='ltr'><strong>tentacula,</strong></span> <span class='ocrx_word' id='word_1_98' title='bbox 1197 1773 1265 1838; x_wconf 63' lang='lat' dir='ltr'><strong>quaa</strong></span> 
     </span>
     <span class='ocr_line' id='line_1_15' title="bbox 296 1849 1265 1935; baseline 0.003 -24"><span class='ocrx_word' id='word_1_99' title='bbox 296 1862 336 1911; x_wconf 82' lang='lat' dir='ltr'><strong>ex</strong></span> <span class='ocrx_word' id='word_1_100' title='bbox 369 1849 483 1935; x_wconf 89' lang='lat' dir='ltr'><strong>primis</strong></span> <span class='ocrx_word' id='word_1_101' title='bbox 512 1850 654 1934; x_wconf 85' lang='lat' dir='ltr'><strong>corporis</strong></span> <span class='ocrx_word' id='word_1_102' title='bbox 681 1851 823 1926; x_wconf 86' lang='lat' dir='ltr'><strong>annulis,</strong></span> <span class='ocrx_word' id='word_1_103' title='bbox 844 1852 896 1913; x_wconf 90' lang='lat' dir='ltr'><strong>vel</strong></span> <span class='ocrx_word' id='word_1_104' title='bbox 926 1869 967 1913; x_wconf 86' lang='lat' dir='ltr'><strong>ex</strong></span> <span class='ocrx_word' id='word_1_105' title='bbox 988 1850 1090 1918; x_wconf 75' lang='lat' dir='ltr'><strong>cauda</strong></span> <span class='ocrx_word' id='word_1_106' title='bbox 1117 1851 1265 1915; x_wconf 86' lang='lat' dir='ltr'><strong>acumine</strong></span> 
     </span>
     <span class='ocr_line' id='line_1_16' title="bbox 294 1945 1263 2034; baseline -0.002 -22"><span class='ocrx_word' id='word_1_107' title='bbox 294 1948 334 2012; x_wconf 81' lang='lat' dir='ltr'><strong>ad</strong></span> <span class='ocrx_word' id='word_1_108' title='bbox 355 1947 552 2012; x_wconf 90' lang='lat' dir='ltr'><strong>subitaneum</strong></span> <span class='ocrx_word' id='word_1_109' title='bbox 575 1964 755 2015; x_wconf 87' lang='lat' dir='ltr'><strong>contactum</strong></span> <span class='ocrx_word' id='word_1_110' title='bbox 777 1945 967 2034; x_wconf 88' lang='lat' dir='ltr'><strong>prosiliunt,</strong></span> <span class='ocrx_word' id='word_1_111' title='bbox 1001 1946 1102 2030; x_wconf 88' lang='lat' dir='ltr'><strong>iisque</strong></span> <span class='ocrx_word' id='word_1_112' title='bbox 1130 1947 1263 2028; x_wconf 86' lang='lat' dir='ltr'><strong>odorent</strong></span> 
     </span>
     <span class='ocr_line' id='line_1_17' title="bbox 294 2046 1263 2130; baseline 0 -20"><span class='ocrx_word' id='word_1_113' title='bbox 294 2047 461 2112; x_wconf 82' lang='lat' dir='ltr'><strong>exhalant:</strong></span> <span class='ocrx_word' id='word_1_114' title='bbox 481 2066 565 2110; x_wconf 85' lang='lat' dir='ltr'><strong>anna</strong></span> <span class='ocrx_word' id='word_1_115' title='bbox 584 2065 706 2130; x_wconf 85' lang='lat' dir='ltr'><strong>quoque</strong></span> <span class='ocrx_word' id='word_1_116' title='bbox 726 2065 797 2111; x_wconf 89' lang='lat' dir='ltr'><strong>sunt</strong></span> <span class='ocrx_word' id='word_1_117' title='bbox 816 2046 933 2110; x_wconf 87' lang='lat' dir='ltr'><strong>virides</strong></span> <span class='ocrx_word' id='word_1_118' title='bbox 954 2047 1100 2127; x_wconf 74' lang='lat' dir='ltr'><strong>guttula,</strong></span> <span class='ocrx_word' id='word_1_119' title='bbox 1127 2065 1263 2130; x_wconf 84' lang='lat' dir='ltr'><strong>quasex</strong></span> 
     </span>
     <span class='ocr_line' id='line_1_18' title="bbox 295 2143 1265 2229; baseline 0.004 -21"><span class='ocrx_word' id='word_1_120' title='bbox 295 2163 352 2208; x_wconf 88' lang='lat' dir='ltr'><strong>ore</strong></span> <span class='ocrx_word' id='word_1_121' title='bbox 374 2162 547 2220; x_wconf 88' lang='lat' dir='ltr'><strong>evomunt,</strong></span> <span class='ocrx_word' id='word_1_122' title='bbox 568 2148 620 2210; x_wconf 86' lang='lat' dir='ltr'><strong>vel</strong></span> <span class='ocrx_word' id='word_1_123' title='bbox 637 2146 779 2209; x_wconf 88' lang='lat' dir='ltr'><strong>violenta</strong></span> <span class='ocrx_word' id='word_1_124' title='bbox 800 2145 910 2229; x_wconf 88' lang='lat' dir='ltr'><strong>eapitis</strong></span> <span class='ocrx_word' id='word_1_125' title='bbox 938 2143 1075 2224; x_wconf 84' lang='lat' dir='ltr'><strong>agitatio.</strong></span> <span class='ocrx_word' id='word_1_126' title='bbox 1100 2143 1265 2212; x_wconf 79' lang='lat' dir='ltr'><strong>Nonnulla.-</strong></span> 
     </span>
     <span class='ocr_line' id='line_1_19' title="bbox 295 2241 1264 2328; baseline 0 -22"><span class='ocrx_word' id='word_1_127' title='bbox 295 2244 429 2306; x_wconf 85' lang='lat' dir='ltr'><strong>salutem</strong></span> <span class='ocrx_word' id='word_1_128' title='bbox 450 2242 484 2304; x_wconf 92' lang='lat' dir='ltr'><strong>in</strong></span> <span class='ocrx_word' id='word_1_129' title='bbox 505 2244 577 2323; x_wconf 87' lang='lat' dir='ltr'><strong>fuga</strong></span> <span class='ocrx_word' id='word_1_130' title='bbox 598 2261 757 2326; x_wconf 76' lang='lat' dir='ltr'><strong>quatum,</strong></span> <span class='ocrx_word' id='word_1_131' title='bbox 776 2263 813 2305; x_wconf 87' lang='lat' dir='ltr'><strong>ac</strong></span> <span class='ocrx_word' id='word_1_132' title='bbox 833 2261 867 2308; x_wconf 88' lang='lat' dir='ltr'><strong>se</strong></span> <span class='ocrx_word' id='word_1_133' title='bbox 888 2261 922 2308; x_wconf 81' lang='lat' dir='ltr'><strong>se</strong></span> <span class='ocrx_word' id='word_1_134' title='bbox 943 2242 1106 2318; x_wconf 79' lang='lat' dir='ltr'><strong>cuiusdam</strong></span> <span class='ocrx_word' id='word_1_135' title='bbox 1133 2241 1179 2308; x_wconf 84' lang='lat' dir='ltr'><strong>fili</strong></span> <span class='ocrx_word' id='word_1_136' title='bbox 1201 2261 1264 2328; x_wconf 89' lang='lat' dir='ltr'><strong>ope</strong></span> 
     </span>
     <span class='ocr_line' id='line_1_20' title="bbox 294 2337 1265 2424; baseline 0.005 -25"><span class='ocrx_word' id='word_1_137' title='bbox 294 2337 489 2414; x_wconf 84' lang='lat' dir='ltr'><strong>demittunt,</strong></span> <span class='ocrx_word' id='word_1_138' title='bbox 512 2340 563 2400; x_wconf 89' lang='lat' dir='ltr'><strong>vel</strong></span> <span class='ocrx_word' id='word_1_139' title='bbox 586 2359 701 2423; x_wconf 89' lang='lat' dir='ltr'><strong>corpus</strong></span> <span class='ocrx_word' id='word_1_140' title='bbox 730 2339 764 2400; x_wconf 90' lang='lat' dir='ltr'><strong>in</strong></span> <span class='ocrx_word' id='word_1_141' title='bbox 784 2341 930 2424; x_wconf 81' lang='lat' dir='ltr'><strong>sphaeram</strong></span> <span class='ocrx_word' id='word_1_142' title='bbox 953 2339 1160 2415; x_wconf 89' lang='lat' dir='ltr'><strong>contrahunt,</strong></span> <span class='ocrx_word' id='word_1_143' title='bbox 1180 2357 1212 2402; x_wconf 91' lang='lat' dir='ltr'><strong>et</strong></span> <span class='ocrx_word' id='word_1_144' title='bbox 1228 2341 1265 2404; x_wconf 87' lang='lat' dir='ltr'><strong>itt</strong></span> 
     </span>
     <span class='ocr_line' id='line_1_21' title="bbox 295 2434 1266 2518; baseline 0.005 -22"><span class='ocrx_word' id='word_1_145' title='bbox 295 2435 441 2498; x_wconf 79' lang='lat' dir='ltr'><strong>fruticeta</strong></span> <span class='ocrx_word' id='word_1_146' title='bbox 460 2434 631 2510; x_wconf 89' lang='lat' dir='ltr'><strong>decidunt,</strong></span> <span class='ocrx_word' id='word_1_147' title='bbox 646 2436 753 2518; x_wconf 88' lang='lat' dir='ltr'><strong>ibique</strong></span> <span class='ocrx_word' id='word_1_148' title='bbox 766 2438 883 2502; x_wconf 85' lang='lat' dir='ltr'><strong>dudum</strong></span> <span class='ocrx_word' id='word_1_149' title='bbox 899 2438 1082 2504; x_wconf 85' lang='lat' dir='ltr'><strong>immobiles</strong></span> <span class='ocrx_word' id='word_1_150' title='bbox 1094 2455 1266 2501; x_wconf 85' lang='lat' dir='ltr'><strong>remanent.</strong></span> 
     </span>
     <span class='ocr_line' id='line_1_22' title="bbox 295 2531 1263 2611; baseline 0.008 -17"><span class='ocrx_word' id='word_1_151' title='bbox 295 2531 414 2597; x_wconf 84' lang='lat' dir='ltr'><strong>Earum</strong></span> <span class='ocrx_word' id='word_1_152' title='bbox 448 2533 551 2597; x_wconf 88' lang='lat' dir='ltr'><strong>hostes</strong></span> <span class='ocrx_word' id='word_1_153' title='bbox 576 2550 647 2597; x_wconf 88' lang='lat' dir='ltr'><strong>sunt</strong></span> <span class='ocrx_word' id='word_1_154' title='bbox 673 2536 807 2611; x_wconf 71' lang='lat' dir='ltr'><strong>Musca,</strong></span> <span class='ocrx_word' id='word_1_155' title='bbox 837 2533 970 2610; x_wconf 88' lang='lat' dir='ltr'><strong>Carabi,</strong></span> <span class='ocrx_word' id='word_1_156' title='bbox 1005 2535 1263 2609; x_wconf 80' lang='lat' dir='ltr'><strong>ichneumones,</strong></span> 
     </span>
     <span class='ocr_line' id='line_1_23' title="bbox 297 2629 1265 2716; baseline 0.004 -22"><span class='ocrx_word' id='word_1_157' title='bbox 297 2629 403 2714; x_wconf 79' lang='lat' dir='ltr'><strong>Sphex</strong></span> <span class='ocrx_word' id='word_1_158' title='bbox 426 2647 457 2692; x_wconf 87' lang='lat' dir='ltr'><strong>et</strong></span> <span class='ocrx_word' id='word_1_159' title='bbox 477 2649 677 2716; x_wconf 77' lang='lat' dir='ltr'><strong>quacumque</strong></span> <span class='ocrx_word' id='word_1_160' title='bbox 698 2653 878 2697; x_wconf 85' lang='lat' dir='ltr'><strong>muscarum</strong></span> <span class='ocrx_word' id='word_1_161' title='bbox 901 2651 1023 2714; x_wconf 85' lang='lat' dir='ltr'><strong>genera.</strong></span> <span class='ocrx_word' id='word_1_162' title='bbox 1037 2631 1139 2716; x_wconf 82' lang='lat' dir='ltr'><strong>Sphex</strong></span> <span class='ocrx_word' id='word_1_163' title='bbox 1153 2629 1265 2699; x_wconf 89' lang='lat' dir='ltr'><strong>Larva-</strong></span> 
     </span>
     <span class='ocr_line' id='line_1_24' title="bbox 299 2729 1265 2816; baseline 0 -22"><span class='ocrx_word' id='word_1_164' title='bbox 299 2747 371 2794; x_wconf 85' lang='lat' dir='ltr'><strong>tum</strong></span> <span class='ocrx_word' id='word_1_165' title='bbox 392 2729 468 2806; x_wconf 74' lang='lat' dir='ltr'><strong>lateo</strong></span> <span class='ocrx_word' id='word_1_166' title='bbox 488 2730 597 2794; x_wconf 78' lang='lat' dir='ltr'><strong>Laruas</strong></span> <span class='ocrx_word' id='word_1_167' title='bbox 613 2732 707 2816; x_wconf 88' lang='lat' dir='ltr'><strong>capit,</strong></span> <span class='ocrx_word' id='word_1_168' title='bbox 729 2751 778 2796; x_wconf 76' lang='lat' dir='ltr'><strong>ets</strong></span> <span class='ocrx_word' id='word_1_169' title='bbox 800 2751 906 2796; x_wconf 91' lang='lat' dir='ltr'><strong>morsu</strong></span> <span class='ocrx_word' id='word_1_170' title='bbox 920 2731 1090 2798; x_wconf 88' lang='lat' dir='ltr'><strong>semivivas</strong></span> <span class='ocrx_word' id='word_1_171' title='bbox 1104 2731 1265 2814; x_wconf 82' lang='lat' dir='ltr'><strong>relinquit,</strong></span> 
     </span>
     <span class='ocr_line' id='line_1_25' title="bbox 297 2825 1263 2911; baseline 0.003 -22"><span class='ocrx_word' id='word_1_172' title='bbox 297 2843 335 2890; x_wconf 88' lang='lat' dir='ltr'><strong>ac</strong></span> <span class='ocrx_word' id='word_1_173' title='bbox 356 2825 486 2889; x_wconf 85' lang='lat' dir='ltr'><strong>demum</strong></span> <span class='ocrx_word' id='word_1_174' title='bbox 508 2825 543 2892; x_wconf 92' lang='lat' dir='ltr'><strong>in</strong></span> <span class='ocrx_word' id='word_1_175' title='bbox 562 2846 655 2891; x_wconf 85' lang='lat' dir='ltr'><strong>suum</strong></span> <span class='ocrx_word' id='word_1_176' title='bbox 676 2830 842 2901; x_wconf 84' lang='lat' dir='ltr'><strong>foramen,</strong></span> <span class='ocrx_word' id='word_1_177' title='bbox 863 2828 945 2911; x_wconf 86' lang='lat' dir='ltr'><strong>quod</strong></span> <span class='ocrx_word' id='word_1_178' title='bbox 965 2827 1000 2890; x_wconf 91' lang='lat' dir='ltr'><strong>in</strong></span> <span class='ocrx_word' id='word_1_179' title='bbox 1027 2844 1106 2891; x_wconf 89' lang='lat' dir='ltr'><strong>terra</strong></span> <span class='ocrx_word' id='word_1_180' title='bbox 1132 2847 1263 2892; x_wconf 82' lang='lat' dir='ltr'><strong>excava·</strong></span> 
     </span>
     <span class='ocr_line' id='line_1_26' title="bbox 294 2922 1264 3010; baseline 0.006 -24"><span class='ocrx_word' id='word_1_181' title='bbox 294 2923 360 2999; x_wconf 77' lang='lat' dir='ltr'><strong>vit,</strong></span> <span class='ocrx_word' id='word_1_182' title='bbox 382 2922 539 3008; x_wconf 78' lang='lat' dir='ltr'><strong>pertrahit,</strong></span> <span class='ocrx_word' id='word_1_183' title='bbox 552 2943 667 3008; x_wconf 83' lang='lat' dir='ltr'><strong>suaque</strong></span> <span class='ocrx_word' id='word_1_184' title='bbox 682 2945 740 2988; x_wconf 85' lang='lat' dir='ltr'><strong>ova</strong></span> <span class='ocrx_word' id='word_1_185' title='bbox 762 2927 808 2988; x_wconf 91' lang='lat' dir='ltr'><strong>ibi</strong></span> <span class='ocrx_word' id='word_1_186' title='bbox 829 2925 991 3010; x_wconf 89' lang='lat' dir='ltr'><strong>imponit,</strong></span> <span class='ocrx_word' id='word_1_187' title='bbox 1011 2926 1086 2988; x_wconf 89' lang='lat' dir='ltr'><strong>inde</strong></span> <span class='ocrx_word' id='word_1_188' title='bbox 1107 2944 1183 2990; x_wconf 88' lang='lat' dir='ltr'><strong>vero</strong></span> <span class='ocrx_word' id='word_1_189' title='bbox 1210 2947 1264 2992; x_wconf 91' lang='lat' dir='ltr'><strong>na·</strong></span> 
     </span>
     <span class='ocr_line' id='line_1_27' title="bbox 292 3019 1265 3101; baseline 0.005 -17"><span class='ocrx_word' id='word_1_190' title='bbox 292 3019 390 3084; x_wconf 83' lang='lat' dir='ltr'><strong>scitur</strong></span> <span class='ocrx_word' id='word_1_191' title='bbox 409 3019 525 3095; x_wconf 83' lang='lat' dir='ltr'><strong>Tinea,</strong></span> <span class='ocrx_word' id='word_1_192' title='bbox 544 3039 611 3101; x_wconf 71' lang='lat' dir='ltr'><strong>que</strong></span> <span class='ocrx_word' id='word_1_193' title='bbox 629 3039 670 3085; x_wconf 86' lang='lat' dir='ltr'><strong>ex</strong></span> <span class='ocrx_word' id='word_1_194' title='bbox 690 3023 791 3088; x_wconf 81' lang='lat' dir='ltr'><strong>Larvae</strong></span> <span class='ocrx_word' id='word_1_195' title='bbox 809 3043 905 3088; x_wconf 91' lang='lat' dir='ltr'><strong>succo</strong></span> <span class='ocrx_word' id='word_1_196' title='bbox 926 3024 1096 3096; x_wconf 87' lang='lat' dir='ltr'><strong>inebriata,</strong></span> <span class='ocrx_word' id='word_1_197' title='bbox 1112 3043 1185 3088; x_wconf 83' lang='lat' dir='ltr'><strong>eam</strong></span> <span class='ocrx_word' id='word_1_198' title='bbox 1211 3025 1265 3088; x_wconf 83' lang='lat' dir='ltr'><strong>ab·</strong></span> 
     </span>
     <span class='ocr_line' id='line_1_28' title="bbox 292 3117 1264 3199; baseline 0.007 -20"><span class='ocrx_word' id='word_1_199' title='bbox 292 3117 410 3190; x_wconf 81' lang='lat' dir='ltr'><strong>sumit,</strong></span> <span class='ocrx_word' id='word_1_200' title='bbox 430 3135 466 3179; x_wconf 89' lang='lat' dir='ltr'><strong>ac</strong></span> <span class='ocrx_word' id='word_1_201' title='bbox 487 3133 575 3182; x_wconf 89' lang='lat' dir='ltr'><strong>sese</strong></span> <span class='ocrx_word' id='word_1_202' title='bbox 596 3117 740 3199; x_wconf 83' lang='lat' dir='ltr'><strong>lanugine</strong></span> <span class='ocrx_word' id='word_1_203' title='bbox 769 3121 908 3185; x_wconf 82' lang='lat' dir='ltr'><strong>obducit.</strong></span> <span class='ocrx_word' id='word_1_204' title='bbox 936 3118 1132 3193; x_wconf 80' lang='lat' dir='ltr'><strong>ichneumon</strong></span> <span class='ocrx_word' id='word_1_205' title='bbox 1158 3137 1264 3186; x_wconf 86' lang='lat' dir='ltr'><strong>autent</strong></span> 
     </span>
     <span class='ocr_line' id='line_1_29' title="bbox 295 3209 1263 3302; baseline 0.006 -30"><span class='ocrx_word' id='word_1_206' title='bbox 295 3227 372 3274; x_wconf 87' lang='lat' dir='ltr'><strong>curn</strong></span> <span class='ocrx_word' id='word_1_207' title='bbox 389 3209 532 3274; x_wconf 82' lang='lat' dir='ltr'><strong>tremulis</strong></span> <span class='ocrx_word' id='word_1_208' title='bbox 550 3211 615 3276; x_wconf 87' lang='lat' dir='ltr'><strong>suis</strong></span> <span class='ocrx_word' id='word_1_209' title='bbox 639 3216 780 3280; x_wconf 83' lang='lat' dir='ltr'><strong>antennis</strong></span> <span class='ocrx_word' id='word_1_210' title='bbox 798 3220 944 3292; x_wconf 87' lang='lat' dir='ltr'><strong>arbores,</strong></span> <span class='ocrx_word' id='word_1_211' title='bbox 967 3234 998 3280; x_wconf 88' lang='lat' dir='ltr'><strong>et</strong></span> <span class='ocrx_word' id='word_1_212' title='bbox 1018 3217 1134 3302; x_wconf 86' lang='lat' dir='ltr'><strong>plantas</strong></span> <span class='ocrx_word' id='word_1_213' title='bbox 1150 3217 1263 3300; x_wconf 86' lang='lat' dir='ltr'><strong>explo-</strong></span> 
     </span>
     <span class='ocr_line' id='line_1_30' title="bbox 292 3305 1263 3396; baseline 0.006 -28"><span class='ocrx_word' id='word_1_214' title='bbox 292 3322 355 3379; x_wconf 84' lang='lat' dir='ltr'><strong>rat,</strong></span> <span class='ocrx_word' id='word_1_215' title='bbox 378 3321 414 3368; x_wconf 92' lang='lat' dir='ltr'><strong>ac</strong></span> <span class='ocrx_word' id='word_1_216' title='bbox 436 3305 540 3371; x_wconf 85' lang='lat' dir='ltr'><strong>Laruis</strong></span> <span class='ocrx_word' id='word_1_217' title='bbox 565 3309 748 3387; x_wconf 86' lang='lat' dir='ltr'><strong>insidiatur,</strong></span> <span class='ocrx_word' id='word_1_218' title='bbox 772 3313 874 3378; x_wconf 82' lang='lat' dir='ltr'><strong>ineas</strong></span> <span class='ocrx_word' id='word_1_219' title='bbox 900 3314 1009 3390; x_wconf 31' lang='lat' dir='ltr'><strong>salutat,</strong></span> <span class='ocrx_word' id='word_1_220' title='bbox 1031 3332 1149 3396; x_wconf 91' lang='lat' dir='ltr'><strong>suoque</strong></span> <span class='ocrx_word' id='word_1_221' title='bbox 1184 3326 1263 3376; x_wconf 90' lang='lat' dir='ltr'><strong>cavo</strong></span> 
     </span>
     <span class='ocr_line' id='line_1_31' title="bbox 293 3401 1263 3494; baseline 0.008 -30"><span class='ocrx_word' id='word_1_222' title='bbox 293 3401 406 3466; x_wconf 84' lang='lat' dir='ltr'><strong>aculeo</strong></span> <span class='ocrx_word' id='word_1_223' title='bbox 428 3421 536 3468; x_wconf 89' lang='lat' dir='ltr'><strong>earum</strong></span> <span class='ocrx_word' id='word_1_224' title='bbox 558 3421 671 3492; x_wconf 90' lang='lat' dir='ltr'><strong>corpus</strong></span> <span class='ocrx_word' id='word_1_225' title='bbox 699 3411 858 3492; x_wconf 81' lang='lat' dir='ltr'><strong>perforat,</strong></span> <span class='ocrx_word' id='word_1_226' title='bbox 885 3427 974 3494; x_wconf 90' lang='lat' dir='ltr'><strong>atque</strong></span> <span class='ocrx_word' id='word_1_227' title='bbox 995 3411 1158 3494; x_wconf 84' lang='lat' dir='ltr'><strong>peridem</strong></span> <span class='ocrx_word' id='word_1_228' title='bbox 1181 3412 1263 3472; x_wconf 86' lang='lat' dir='ltr'><strong>fora-</strong></span> 
     </span>
     <span class='ocr_line' id='line_1_32' title="bbox 294 3505 1266 3590; baseline 0.013 -28"><span class='ocrx_word' id='word_1_229' title='bbox 294 3517 372 3563; x_wconf 88' lang='lat' dir='ltr'><strong>men</strong></span> <span class='ocrx_word' id='word_1_230' title='bbox 401 3520 525 3578; x_wconf 90' lang='lat' dir='ltr'><strong>unum‚</strong></span> <span class='ocrx_word' id='word_1_231' title='bbox 554 3505 606 3566; x_wconf 87' lang='lat' dir='ltr'><strong>vel</strong></span> <span class='ocrx_word' id='word_1_232' title='bbox 636 3508 723 3590; x_wconf 89' lang='lat' dir='ltr'><strong>plura</strong></span> <span class='ocrx_word' id='word_1_233' title='bbox 750 3509 845 3572; x_wconf 89' lang='lat' dir='ltr'><strong>ovula</strong></span> <span class='ocrx_word' id='word_1_234' title='bbox 878 3509 911 3572; x_wconf 92' lang='lat' dir='ltr'><strong>in</strong></span> <span class='ocrx_word' id='word_1_235' title='bbox 939 3511 1067 3574; x_wconf 88' lang='lat' dir='ltr'><strong>Larvam</strong></span> <span class='ocrx_word' id='word_1_236' title='bbox 1094 3507 1266 3575; x_wconf 76' lang='lat' dir='ltr'><strong>immittit:</strong></span> 
     </span>
     <span class='ocr_line' id='line_1_33' title="bbox 295 3594 1263 3688; baseline 0.009 -28"><span class='ocrx_word' id='word_1_237' title='bbox 295 3594 360 3660; x_wconf 76' lang='lat' dir='ltr'><strong>hac</strong></span> <span class='ocrx_word' id='word_1_238' title='bbox 381 3614 485 3662; x_wconf 88' lang='lat' dir='ltr'><strong>autem</strong></span> <span class='ocrx_word' id='word_1_239' title='bbox 507 3602 601 3665; x_wconf 88' lang='lat' dir='ltr'><strong>ovula</strong></span> <span class='ocrx_word' id='word_1_240' title='bbox 620 3602 653 3666; x_wconf 96' lang='lat' dir='ltr'><strong>in</strong></span> <span class='ocrx_word' id='word_1_241' title='bbox 676 3603 741 3688; x_wconf 89' lang='lat' dir='ltr'><strong>ipsa</strong></span> <span class='ocrx_word' id='word_1_242' title='bbox 753 3607 848 3671; x_wconf 85' lang='lat' dir='ltr'><strong>Larua</strong></span> <span class='ocrx_word' id='word_1_243' title='bbox 869 3609 1100 3681; x_wconf 76' lang='lat' dir='ltr'><strong>excluduntur,</strong></span> <span class='ocrx_word' id='word_1_244' title='bbox 1122 3624 1153 3668; x_wconf 92' lang='lat' dir='ltr'><strong>et</strong></span> <span class='ocrx_word' id='word_1_245' title='bbox 1180 3605 1263 3670; x_wconf 84' lang='lat' dir='ltr'><strong>larva</strong></span> 
     </span>
     <span class='ocr_line' id='line_1_34' title="bbox 298 3691 1265 3788; baseline 0.006 -30"><span class='ocrx_word' id='word_1_246' title='bbox 298 3691 356 3758; x_wconf 79' lang='lat' dir='ltr'><strong>vix</strong></span> <span class='ocrx_word' id='word_1_247' title='bbox 390 3713 476 3760; x_wconf 82' lang='lat' dir='ltr'><strong>natos</strong></span> <span class='ocrx_word' id='word_1_248' title='bbox 498 3697 627 3781; x_wconf 89' lang='lat' dir='ltr'><strong>pullos,</strong></span> <span class='ocrx_word' id='word_1_249' title='bbox 655 3721 752 3784; x_wconf 88' lang='lat' dir='ltr'><strong>usque</strong></span> <span class='ocrx_word' id='word_1_250' title='bbox 770 3705 848 3768; x_wconf 85' lang='lat' dir='ltr'><strong>dum</strong></span> <span class='ocrx_word' id='word_1_251' title='bbox 883 3706 976 3788; x_wconf 90' lang='lat' dir='ltr'><strong>plene</strong></span> <span class='ocrx_word' id='word_1_252' title='bbox 1004 3720 1211 3766; x_wconf 85' lang='lat' dir='ltr'><strong>maturescant</strong></span> <span class='ocrx_word' id='word_1_253' title='bbox 1230 3701 1265 3764; x_wconf 90' lang='lat' dir='ltr'><strong>in</strong></span> 
     </span>
     <span class='ocr_line' id='line_1_35' title="bbox 284 3791 1263 3882; baseline 0.009 -26"><span class='ocrx_word' id='word_1_254' title='bbox 284 3791 355 3882; x_wconf 61' lang='lat' dir='ltr'><strong>hauc</strong></span> <span class='ocrx_word' id='word_1_255' title='bbox 376 3798 565 3876; x_wconf 85' lang='lat' dir='ltr'><strong>corpusculo</strong></span> <span class='ocrx_word' id='word_1_256' title='bbox 587 3798 723 3862; x_wconf 85' lang='lat' dir='ltr'><strong>enutrire</strong></span> <span class='ocrx_word' id='word_1_257' title='bbox 743 3817 876 3867; x_wconf 81' lang='lat' dir='ltr'><strong>tenetur.</strong></span> <span class='ocrx_word' id='word_1_258' title='bbox 898 3800 990 3866; x_wconf 87' lang='lat' dir='ltr'><strong>Tunc</strong></span> <span class='ocrx_word' id='word_1_259' title='bbox 1008 3799 1108 3878; x_wconf 81' lang='lat' dir='ltr'><strong>hinc,</strong></span> <span class='ocrx_word' id='word_1_260' title='bbox 1137 3819 1169 3866; x_wconf 90' lang='lat' dir='ltr'><strong>et</strong></span> <span class='ocrx_word' id='word_1_261' title='bbox 1188 3800 1263 3874; x_wconf 78' lang='lat' dir='ltr'><strong>inde</strong></span> 
     </span>
    </p>
   </div>
   <div class='ocr_carea' id='block_1_2' title="bbox 0 0 1445 4810">
    <p class='ocr_par' dir='ltr' id='par_1_2' title="bbox 0 0 1445 4810">
     <span class='ocr_line' id='line_1_36' title="bbox 0 0 1445 4810; baseline 0 0"><span class='ocrx_word' id='word_1_262' title='bbox 0 0 1445 4810; x_wconf 95' lang='lat' dir='ltr'><strong> </strong></span> 
     </span>
    </p>
   </div>
  </div>
 </body>
</html>
